3117 3854
0 0 283 51 fzmffisstv
298 3 301 11 ι

22 63 24 66 v
86 57 90 60 >
134 56 146 70 .·
163 52 168 57 .
185 64 194 68 ν
250 62 257 68 θ

1393 185 1816 244 κυι34τιεκ

582 312 713 357 Herc.
743 311 795 354 fr.
824 326 866 354 v.
898 310 995 354 341.

447 388 634 450 ἀμαθής
661 408 728 443 τις
757 386 798 435 εἷ
825 389 951 443 θεὸς,
982 386 1013 446 ἢ
1042 387 1215 442 δίκαιος
1247 387 1325 434 οὐκ
1354 386 1479 449 ἔφυς.

830 484 873 512 v.
904 468 1001 512 759.

444 545 512 600 τίς
540 544 565 592 ὅ
595 548 709 601 θεὸς
737 545 902 608 ἀνομίᾳ
928 546 1120 608 χραίνων
1148 548 1314 606 θνητὸς
1344 545 1411 603 ἄν,

443 621 624 688 ἀφρονα
652 625 783 685 λόγον
813 625 1034 688 οὐρανίων
1062 625 1276 687 μακάρων

443 703 671 763 κατέβαλ’,
703 704 765 760 ὡς
793 701 869 766 ἀρ’
904 703 957 750 οὗ
987 706 1201 751 σθένουσι
1230 706 1338 751 θεοί
1345 729 1360 765 ,·

828 800 872 828 v.
903 786 1002 830 815.

444 862 484 908 εἶ
512 864 563 908 τὸ
595 863 767 909 δίκαιον
795 869 928 917 θεοῖς
957 862 1019 909 ἔτ’
1054 863 1246 926 ἀρέσκει.

831 958 874 987 v.
910 943 1033 987 1349.

445 1023 586 1068 δεῖται
613 1022 698 1082 γὰρ
729 1021 754 1068 ὃ
785 1023 910 1077 θεὸς,
941 1022 1069 1084 εἷ’περ
1099 1021 1186 1069 ἔστ’
1220 1019 1356 1075 ὅντως
1384 1024 1496 1076 θεὸς

445 1099 642 1156 οὐδενός.

581 1181 716 1239 Hipp.
747 1198 788 1226 v.
824 1183 917 1227 120.

445 1259 735 1321 σοφωτέρους
763 1261 846 1321 γὰρ
876 1263 944 1305 δεῖ
968 1263 1139 1321 βροτῶν
1169 1258 1278 1304 εἶναι
1311 1259 1464 1312 θεούς.

580 1341 740 1384 Incert.
770 1347 880 1397 trag.
909 1339 962 1382 fr.
992 1340 1062 1382 111.

445 1417 753 1478 συγγνώμονάς
781 1435 851 1463 τοι
881 1419 984 1470 τούς
1012 1419 1152 1471 θεοὺς
1182 1416 1293 1463 εἶναι
1322 1421 1477 1472 δοκεῖς,

444 1497 550 1542 ὅταν
578 1515 646 1552 τις
674 1496 792 1559 ὅρκῳ
822 1496 1021 1542 θάνατον
1052 1498 1252 1557 ἐκφυγεῖν
1281 1498 1411 1556 θέλῃ,

441 1573 473 1633 ἢ
502 1577 664 1633 δεσμὸν
694 1573 724 1634 ἢ
753 1575 882 1633 βίαια
913 1574 1139 1633 πολεμίων
1168 1573 1294 1629 κακά,

442 1651 475 1714 ἢ
504 1655 660 1702 παισὶν
690 1653 954 1701 αὐθένταισι
981 1658 1167 1715 κοινωνῇ
1199 1652 1362 1712 δόμων.

443 1729 472 1791 ἦ
502 1729 618 1795 τῗίρα
646 1737 826 1794 θνητῶν
856 1732 963 1779 εἶσιν
992 1731 1320 1794 ἀσυνετώτεροι,

445 1811 486 1858 εἰ
512 1810 723 1872 τάπιεικῆ
754 1811 958 1875 πρόσθεν
988 1811 1195 1872 ἡγοῦνται
1225 1811 1362 1873 δίκης.

579 1894 759 1939 Heracl.
789 1910 831 1938 v.
862 1894 959 1939 720.

441 1973 556 2025 Ζεύς
585 1972 635 2026 ἐξ
661 1973 773 2029 ἐμοῦ
801 1973 883 2029 μὲν
913 1969 993 2016 οὒκ
1023 1969 1257 2016 ἀκούσεται
1286 1975 1444 2024 κακῶς·

443 2049 484 2096 εἰ
512 2049 555 2096 δ’
589 2051 705 2096 ἐστὶν
735 2050 873 2105 ὅσιος,
906 2048 1040 2104 αὐτὸς
1070 2047 1187 2096 οἶδεν
1218 2050 1280 2104 εἷς
1309 2051 1400 2107 ἐμέ.

782 2145 826 2173 v.
856 2130 955 2174 909.

442 2206 642 2267 ἐπίσημα
671 2206 755 2269 γάρ
785 2225 856 2252 τοι

414 2284 417 2289 ”
440 2289 554 2341 θεὸς
582 2287 893 2349 παραγγέλλει,

441 2371 529 2411 τῶν
559 2364 723 2412 ἀδίκων
753 2370 988 2427 παραιρῶν

443 2444 731 2506 φρονήματος
760 2444 863 2490 αἰεί.

580 2524 732 2567 Phrix.
762 2523 816 2567 fr.
845 2524 921 2566 IX.

443 2602 483 2649 εἰ
512 2602 553 2650 δ’
587 2601 772 2661 εὐσεβὴς
803 2599 863 2646 ὢν
892 2606 1010 2646 τοῖσι
1039 2601 1402 2658 δυσσεβεστάτοις

442 2682 506 2738 εἷς
524 2679 647 2729 ταῦτ’
672 2681 912 2744 ἔπρασσον,
943 2685 1043 2735 πῶς
1061 2679 1161 2727 τάδ’
1187 2679 1239 2725 ἣν
1262 2684 1409 2736 καλῶς
1427 2679 1532 2739 ἔχοι,

443 2761 483 2808 εἰ
511 2763 624 2816 Ζεὺς
654 2759 679 2806 ὃ
710 2763 879 2822 λῷστος
907 2762 1044 2821 μηδὲν
1073 2759 1243 2806 ἔνδικον
1274 2767 1443 2823 φρονεῖ.

579 2841 814 2885 Phoeniss.
845 2855 888 2885 v.
918 2841 986 2883 84.
1058 2846 1060 2849 '

440 2917 558 2975 ἀλλ’,
590 2915 626 2964 ὦ
658 2920 846 2981 φαεινὰς
875 2916 1066 2977 οὐρανοῦ
1096 2917 1230 2965 ναίων
1260 2919 1440 2976 πτύχας,

441 3001 549 3053 Ζεῦ,
579 3001 725 3043 σῶσον
754 2995 886 3057 ἡμᾶς·
918 2997 996 3049 δὸς
1031 2998 1080 3043 δὲ
1110 2996 1324 3056 ξύμβασιν
1353 3000 1535 3053 τέκνοις.

435 3077 522 3138 χρὴ
553 3075 615 3130 δ’,
646 3075 687 3122 εἰ
714 3077 858 3137 σοφὸς
887 3077 1106 3137 πέφυκας,
1138 3076 1218 3122 οὐκ
1246 3079 1323 3124 ἐᾶν
1351 3080 1512 3139 βροτὸν

438 3156 515 3201 τὸν
543 3153 677 3201 αὐτὸν
707 3154 795 3201 αἰεὶ
823 3158 1013 3214 δυστυχῆ
1041 3155 1328 3203 καθεστάναι.

577 3234 744 3281 Bacch.
775 3249 817 3280 v.
849 3235 950 3280 882.

440 3310 636 3371 ὁρμᾶται
664 3313 807 3371 μόλις,
838 3313 939 3360 ἀλλ’
973 3314 1096 3372 ὅμως

438 3391 600 3451 πιστὸν
629 3390 680 3438 τό
710 3411 757 3453 γε
786 3398 914 3440 θεῖον

1675 310 1851 364 σθένος.
1881 308 2130 356 ἀπευθύνει
2158 314 2208 358 δὲ

1672 394 1844 451 βροτῶν
1873 391 1976 444 τοὺς
2004 387 2320 450 ἀγνωμοσύναν

1672 474 1891 527 τιμῶντας
1919 471 1993 516 καὶ
2020 471 2081 530 μὴ
2111 471 2165 516 τὰ
2193 474 2316 516 θεῶν
2345 466 2560 526 αὔξοντας

1676 550 2009 610 συμμαινομένᾳ
2038 549 2160 610 δόξᾳ·

1674 628 1969 689 κρυπτεύουσι
1999 631 2047 674 δὲ
2077 627 2294 683 ποικίλως

1675 709 1811 769 δαρὸν
1838 707 1995 770 χρόνου
2025 707 2146 753 πόδα
2175 709 2249 753 καὶ

1674 792 1876 847 θηρῶσιν
1904 788 1978 831 τὸν
2008 783 2213 831 ἄσεπτον.
2245 786 2298 832 οὐ

1675 867 1759 926 γὰρ
1787 864 1987 925 κρεῖσσόν
2017 884 2126 911 ποτε
2155 869 2241 910 τῶν
2271 864 2416 923 νόμων

1675 942 1898 1003 γινώσκειν
1923 944 2006 1005 χρὴ
2037 945 2111 989 καὶ
2138 947 2340 1000 μελετᾶν.

1673 1022 1821 1084 κούφα
1851 1024 1933 1084 γὰρ
1963 1021 2142 1067 δαπάνα
2170 1021 2361 1081 νομίζειν

1672 1102 1792 1159 ἰσχύν
1821 1102 1859 1148 τ’
1893 1102 2017 1158 ἔχειν,
2048 1103 2087 1156 ὅ,
2118 1121 2160 1147 τι
2190 1101 2294 1148 ποτ’
2329 1099 2417 1162 ὄῖρα
2446 1105 2496 1148 τὸ
2518 1100 2758 1160 δαιμόνιον.

1671 1181 1721 1226 τό
1751 1180 1793 1226 τ’
1828 1183 1872 1226 ἐν
1898 1180 2040 1243 χρόνῳ
2069 1185 2224 1242 μακρῷ

1673 1260 1872 1318 νόμιμον,
1903 1259 1971 1306 ἀεὶ
2003 1259 2137 1321 φύσει
2165 1262 2216 1304 τὸ
2247 1259 2458 1321 πεφυκός.

1943 1355 1985 1384 v.
2019 1340 2140 1384 1345.

1673 1417 1807 1480 ὀργὰς
1836 1418 2001 1480 πρέπει
2021 1419 2159 1471 θεοὺς
2179 1416 2256 1474 οὐχ
2277 1415 2553 1475 ὁμοιοῦσθαι
2567 1422 2757 1479 βροτοῖς.

1806 1499 1906 1542 Jon.
1936 1513 1978 1542 v.
2009 1498 2105 1542 262.

1771 1613 1854 1620 ......
1876 1575 1920 1621 τί
1949 1579 2075 1634 δῆτα,
2106 1580 2188 1621 ποῖ
2215 1574 2337 1636 δίκην
2366 1573 2596 1634 ἀνήσομεν,

1675 1654 1714 1701 εἶ
1742 1659 1825 1716 νῷν
1856 1653 2128 1716 κρατούντων
2158 1651 2335 1708 ἀδικίας
2364 1651 2617 1712 ὀλούμεθα;

1889 1797 1894 1803 1
1934 1750 1975 1779 v.
2006 1735 2102 1779 452.

1763 1850 1846 1858 ......
1868 1813 1941 1858 καὶ
1970 1814 2065 1874 γὰρ,
2098 1812 2219 1866 ὅστις
2248 1810 2301 1858 ἂν
2328 1816 2500 1874 βροτῶν

1673 1895 1807 1947 κακὸς
1837 1891 2028 1954 πεφύκῃ,
2060 1894 2287 1953 ζημιοῦσιν
2317 1891 2361 1938 οἱ
2388 1891 2510 1939 θεοί.

1675 1976 1773 2025 πῶς
1804 1969 1880 2016 οὖν
1910 1972 2094 2025 δίκαιον,
2124 1973 2228 2024 τοὺς
2254 1970 2417 2028 νόμους
2437 1970 2554 2027 ὑμᾶς
2581 1975 2758 2030 βροτοῖς

1673 2049 1944 2112 γράψαντας,
1976 2048 2134 2103 αὐτοὺς
2163 2047 2349 2108 ἀνομίαν
2379 2046 2683 2110 ὄφλισκάνειν,·

1931 2146 1973 2173 v.
2007 2130 2127 2173 1632.

1669 2207 1826 2271 χρόνια
1854 2209 1934 2265 μὲν
1962 2209 2017 2252 τὰ
2046 2211 2132 2252 τῶν
2161 2211 2282 2253 θεῶν
2312 2225 2432 2260 πως,
2464 2206 2528 2259 εἷς
2555 2206 2681 2259 τέλος
2711 2204 2754 2252 δ’

2465 2283 2543 2331 οὗκ
2572 2283 2760 2343 ἀσθενῆ.

1932 2383 1974 2410 v.
2006 2368 2128 2411 1638.

1673 2444 1736 2498 εἷς
1751 2445 1875 2498 τέλος
1890 2447 1972 2506 γὰρ
1988 2444 2032 2490 οἳ
2045 2447 2126 2502 μὲν
2141 2445 2301 2490 ἐσθλοὶ
2320 2443 2602 2503 τυγχάνουσιν
2622 2441 2757 2496 ἀξίων

1673 2523 1718 2569 οἱ
1757 2525 1883 2568 κακοὶ
1922 2522 1980 2578 δ’,
2027 2524 2178 2584 ὥσπερ
2218 2520 2459 2584 πεφύκασ’,
2507 2518 2665 2567 οὔποτ’
2708 2517 2759 2567 εὖ

2447 2601 2662 2660 πράξειαν
2690 2596 2759 2645 ι’ίν.

1808 2682 1963 2726 Helen.
1993 2697 2035 2725 v.
2066 2682 2164 2726 860.

1810 2795 1892 2806 ......
1915 2760 1955 2806 εἰ
1982 2759 2066 2822 γάρ
2095 2760 2204 2806 εἶσιν
2233 2760 2278 2806 οἳ
2306 2761 2412 2805 θεοὶ
2441 2760 2590 2820 σοφοὶ,

1671 2837 1863 2899 εὔψυχον
1893 2836 2046 2900 ἀνδρα,
2076 2838 2304 2896 πολεμίων
2333 2837 2529 2884 θανόνθ’
2562 2838 2653 2883 {firm

1672 2918 1819 2979 κούφῃ
1848 2918 2226 2976 καταμπίσχουσιν
2256 2919 2300 2963 ἐν
2329 2917 2480 2977 τύμβῳ
2507 2917 2654 2973 χθονὶ,

1672 2998 1833 3049 κακοὺς
1863 2997 1902 3042 δ’
1927 2997 2010 3059 ὑφ’
2035 2999 2149 3057 ἕρμα
2179 2998 2354 3055 στερεὸν
2374 2995 2638 3052 ἐκβάλλουσι
2666 2998 2760 3052 γῆς.

1988 3092 2031 3121 v.
2065 3077 2186 3122 1039.

1673 3154 1819 3208 οὗδείς
1849 3154 1953 3201 ποτ’
1988 3154 2230 3216 εὐτύχησεν,
2259 3152 2431 3208 ἔκδικος
2459 3154 2608 3214 γεγώς,

1672 3236 1718 3282 ἐν
1747 3238 1808 3294 τῷ
1838 3234 1995 3294 δικαίῳ
2025 3232 2068 3280 δ’
2102 3233 2281 3286 ἐλπίδες
2310 3231 2544 3292 σωτηρίας.

1810 3315 1964 3373 Suppl.
1994 3329 2037 3358 v.
2069 3314 2166 3358 596.

1672 3392 1725 3439 ἓν
1748 3395 1817 3439 δεῖ
1843 3392 1977 3451 μόνον
2005 3410 2097 3451 μοι,
2127 3393 2234 3446 τούς
2262 3392 2401 3444 θεοὺς
2429 3387 2553 3447 ἔχειν,
2583 3388 2686 3436 ὅσοι
