3117 3854
1334 202 1579 258 &38

1643 215 1757 257 «ἐκ

459 328 615 373 Tantis
643 328 775 385 igitur
803 327 934 371 malis
963 334 1007 371 et
1035 326 1420 371 vicissitudinibus
1450 327 1700 384 expositam
1735 340 1840 371 esse
1875 326 2011 370 vitam
2038 333 2295 371 terrestrem
2323 336 2600 388 mentemque
2628 329 2768 373 homi-

321 409 414 462 nis,
451 409 526 452 ubi
554 408 742 463 primum
771 407 816 449 in
845 414 1010 450 terram
1039 406 1318 464 immigravit,
1357 413 1589 464 tantopere
1618 407 1820 464 impediri
1848 414 1994 452 terrae
2022 407 2224 464 partibus
2253 421 2355 451 cum
2381 409 2770 455 animadvertisset

321 495 467 544 poeta,
496 501 587 529 non
614 486 770 530 vivere
801 487 978 530 dicebat
1006 486 1164 529 melius
1194 500 1312 538 esse,
1344 501 1476 544 quam
1504 485 1620 530 male
1650 486 1816 539 vivere,
1847 494 1890 531 et
1909 486 2039 541 hane,
2069 500 2201 545 quam
2229 500 2349 530 nunc
2378 487 2606 544 degamus,
2633 490 2770 534 vitam

320 574 523 618 mortem,
559 580 650 608 non
679 580 834 609 veram
863 566 999 608 vitam
1034 581 1139 609 esse
1168 567 1408 622 judicavit3
1444 568 1562 610 vitae
1593 581 1831 610 excessum
1866 576 2013 611 autem
2047 567 2235 610 reditum
2271 567 2329 610 ad
2365 564 2621 611 felicitatem
2657 583 2769 623 eam,

320 658 409 702 qua
437 646 698 702 priusquam
735 646 781 687 in
810 652 975 688 terram
1011 646 1309 688 descenderet
1337 646 1506 688 Aether
1535 645 1691 689 fruitus
1721 655 1863 697 esset:
1902 661 1992 688 non
2029 647 2075 688 in
2105 646 2419 702 sempiternam
2446 644 2648 689 homines
2677 647 2771 690 nati

319 738 473 766 sumus
504 724 740 774 miseriam,
771 726 853 766 sed
881 724 927 765 in
957 732 1098 766 morte
1128 725 1231 767 finis
1262 734 1331 767 est
1359 727 1566 768 miseriae
1597 726 1794 783 nullique
1823 740 1907 767 nos
1936 733 2115 768 manent
2143 725 2338 776 labores,
2367 725 2516 769 nullae
2546 725 2769 769 calamita-

320 812 402 857 tes,
432 805 601 847 nullum
630 807 886 846 morborum
915 818 1090 861 agmen,
1120 807 1244 848 nulla
1272 807 1459 848 aliorum
1488 807 1703 848 malorum
1732 807 2083 856 incommoditas,
2113 807 2171 847 ad
2200 806 2354 848 mortis
2384 804 2555 849 calcem
2583 820 2684 849 cum
2711 804 2770 850 sit

321 883 559 926 decursum
587 886 645 926 ab
675 885 944 928 hominibus.

523 962 698 1020 Polyid.
729 963 783 1005 fr.
815 964 909 1006 Vll.

387 1038 455 1091 τίς
484 1037 528 1084 δ’
562 1036 694 1095 οἶδεν,
726 1040 767 1085 εἶ
796 1043 845 1085 τὸ
878 1044 955 1100 ζῆν
982 1043 1061 1099 μέν
1091 1043 1182 1086 ἐστι
1211 1046 1459 1093 κατθανεῖν,

387 1118 437 1161 τὸ
467 1123 710 1163 κατθανεῖν
741 1120 790 1165 δὲ
822 1121 898 1177 ζῆν
926 1119 1044 1164 κάτω
1075 1120 1296 1175 νομίζεται
1336 1125 1389 1174 1);

525 1200 676 1242 Phrix.
704 1199 758 1243 fr.
788 1201 907 1242 le.

388 1277 456 1330 τίς
476 1277 519 1323 δ’
545 1276 676 1333 οἶδεν,
709 1278 747 1324 εἰ
768 1282 844 1338 ζῆν
863 1278 1011 1332 τοῐῖθ),
1039 1273 1064 1323 3
1085 1278 1290 1339 κέκληται
1311 1283 1477 1332 θανεῖν,

388 1358 438 1401 τὸ
470 1359 547 1416 ζῆν
567 1360 616 1403 δὲ
646 1358 855 1416 θνήσκειν
875 1358 990 1415 ἕστί,·
1022 1360 1138 1411 πλὴν
1160 1359 1281 1415 ὅμως
1309 1363 1479 1418 βροτῶν

388 1440 594 1481 νοσοῦσιν
624 1436 667 1480 οἶ
695 1437 949 1493 βλέποντες,
981 1436 1026 1482 οἱ
1056 1436 1099 1482 δ’
1135 1435 1351 1490 ὄλωλότες

386 1513 515 1559 οὐδὲν
543 1520 763 1568 νοσοῦσιν,
796 1515 900 1561 οὐδὲ
930 1517 1158 1574 κέκτηνται
1187 1516 1314 1560 κακά.

522 1596 702 1638 Erecht.
732 1595 786 1637 fr.
816 1596 893 1637 XI.

602 1707 685 1717 ......
708 1673 794 1732 ἐγώ
825 1674 874 1718 δὲ
903 1673 1008 1725 τούς
1035 1674 1183 1725 καλῶς
1216 1672 1481 1732 τεθνηκότας

389 1752 465 1809 ζῆν
485 1751 601 1811 φημὶ
617 1754 789 1808 μᾶλλον
808 1756 889 1797 τοῦ
907 1752 1090 1809 βλέπειν
1109 1754 1212 1806 τοὺς
1237 1755 1298 1811 μὴ
1319 1756 1478 1805 καλῶς.

522 1831 676 1874 Pirith.
706 1830 759 1873 fr.
789 1830 902 1874 Vlll.

387 1907 549 1955 οὗκοῧν
568 1910 619 1955 τὸ
639 1911 700 1969 μὴ
724 1911 800 1968 ζῆν
820 1908 1014 1971 κρεῖττόν
1035 1908 1142 1964 ἐστ’,
1174 1908 1204 1969 ἢ
1225 1912 1300 1969 ζῆν
1319 1915 1478 1964 κακῶς.

522 1991 680 2034 Incert.
712 1997 825 2048 trag.
855 1989 908 2034 fr.
941 1989 1074 2036 CLX.

386 2064 424 2113 ὦ
453 2067 747 2126 πολύμοχθος
774 2069 906 2125 βιοτὰ
935 2074 1132 2129 θνητοῖς,

388 2145 450 2200 ὡς
478 2147 553 2193 ἐπὶ
583 2148 716 2193 παντὶ
746 2149 951 2208 σφαλερὰ
980 2153 1138 2200 κεῖσαι,

396 2273 425 2317 ²)
450 2271 578 2308 Davis.
606 2271 652 2307 ad
677 2272 794 2308 Cicer.
819 2272 965 2308 Tuscul.
992 2272 1018 2308 Ι.
1045 2273 1100 2308 31.

1617 963 1690 1004 καὶ
1719 964 1772 1004 τὰ
1800 963 1881 1017 μὲν
1910 959 2071 1014 αὔξεις,
2102 964 2156 1004 τὰ
2187 960 2230 1005 δ’
2264 961 2616 1022 ἀποφθινύιθεις,

1616 1039 1722 1084 κούκ
1752 1039 1868 1084 ἔστιν
1897 1041 2003 1099 ὅρος
2032 1040 2231 1096 κείμενος
2260 1039 2416 1093 οὐδεὶς,

1618 1118 1680 1170 εἰς
1709 1118 1855 1162 ὅντινα
1881 1120 1964 1178 χρὴ
1996 1119 2170 1164 τελέσαι
2199 1124 2392 1178 θνητοῖς,

1617 1198 1732 1256 πλὴν
1763 1197 1867 1244 ὅταν
1896 1195 2012 1257 ἔλθῃ
2041 1197 2202 1259 κρυερὰ
2233 1195 2403 1244 Διόθεν

1616 1276 1816 1324 θανάτου
1846 1282 2112 1339 πεμφθεῖσα
2142 1276 2334 1336 τελευτή.

1750 1357 1928 1402 Heracl.
1958 1374 1999 1402 v.
2032 1357 2127 1402 592.

1616 1435 1711 1482 τάδ’
1746 1434 1841 1482 ἀντὶ
1869 1435 2044 1481 παίδων
2074 1434 2168 1482 ἐστι’
2195 1454 2275 1493 μοι
2303 1434 2530 1495 κειμήλιον

1617 1516 1691 1560 καὶ
1721 1515 2009 1575 παρθενειάς,
2043 1514 2090 1560 εἴ
2113 1534 2156 1560 τι
2187 1516 2241 1572 δὴ
2271 1516 2383 1560 κατὰ
2410 1513 2589 1570 χθονός.

1618 1593 1685 1653 εἴη
1718 1613 1762 1652 γε
1792 1595 1938 1650 μέντοι
1970 1594 2119 1653 μηδὲν.
2148 1592 2187 1638 εἶ
2215 1593 2297 1654 γὰρ
2328 1593 2481 1650 ἕξομεν

1617 1671 1741 1717 κάκεῖ
1766 1673 1981 1732 μερίμνας
2011 1673 2053 1717 οὶ
2083 1671 2354 1728 θανούμενοι
2381 1676 2552 1729 βροτῶν

1617 1750 1695 1795 οὐκ
1727 1750 1815 1795 οἷδ’
1839 1752 1945 1796 ὅποι
1976 1770 2044 1804 τις
2072 1753 2298 1812 τρέψεται.
2329 1753 2378 1795 τὸ
2408 1753 2490 1811 γὰρ
2520 1755 2702 1795 θανεῖν

1616 1835 1782 1875 κακῶν
1811 1831 2062 1888 μέγιστον
2093 1829 2370 1890 φάρμακον
2399 1829 2681 1886 νομίζεται.

1751 1910 1849 1953 Alc.
1878 1925 1920 1954 v.
1953 1910 2048 1955 703.

1617 1985 1643 2047 ἦ
1674 1989 1762 2048 μὴν
1791 1987 1931 2034 πολύν
1960 2007 2008 2047 γε
2037 1989 2112 2033 τὸν
2140 1986 2259 2033 κάτω
2289 1987 2521 2047 λογίζομαι

1614 2069 1782 2129 χρόνον.
1803 2070 1853 2114 τὸ
1869 2070 1919 2115 δὲ
1939 2070 2015 2126 ζῆν
2031 2069 2225 2127 σμικρὸν,
2247 2065 2345 2113 ἀλλ’
2365 2067 2487 2125 ὅμως
2501 2066 2633 2126 γλυκύ
2652 2071 2702 2121 2).

394 2341 424 2385 ²)
449 2338 554 2380 Quae
578 2339 634 2375 bis
659 2339 764 2375 dictis
794 2340 963 2388 prolatae
995 2348 1077 2375 sunt
1106 2341 1329 2384 sententiae,
1363 2352 1427 2375 eas
1452 2340 1672 2376 facetissime
1697 2341 1732 2376 in
1756 2352 1857 2376 suam
1880 2352 1956 2376 rem
1980 2340 2148 2376 vertebat
2171 2340 2433 2387 Aristophanes
2459 2341 2636 2384 comicus,
2670 2341 2769 2375 velut

453 2409 489 2445 in
513 2408 627 2444 Ranis
651 2407 791 2444 sabula:

521 2468 584 2501 καὶ
607 2463 824 2512 φασκούσας
848 2465 892 2502 οὐ
916 2468 979 2510 ζῆν
1000 2465 1041 2502 τὸ
1065 2468 1144 2510 ζῆν,·
1169 2468 1220 2511 (v.
1251 2466 1368 2511 ¹082.)

523 2517 553 2556 ὦ
578 2524 730 2568 σχέτλιε,
754 2519 924 2567 περιόψει
949 2535 995 2570 με
1021 2522 1066 2567 δὴ
1089 2520 1308 2567 τεθνηκότας

1612 2470 1663 2506 τίς
1688 2466 1798 2510 οἶδεν,
1822 2468 1854 2502 εἰ
1876 2464 1914 2501 τὸ
1939 2466 2002 2509 ζῆν
2024 2467 2095 2513 μέν
2117 2465 2193 2501 ἐστι
2216 2468 2424 2508 κατθανεῖν,

1611 2523 1653 2557 τὸ
1666 2526 1772 2558 πνεῖν
1784 2523 1825 2557 δὲ
1839 2523 2003 2558 δειπνεῖν
2014 2522 2129 2556 καὶτὸ
2143 2519 2342 2556 καθεύδειν
2353 2519 2511 2561 accidiam·
2523 2522 2576 2564 (v.
2594 2520 2680 2557 1476
2692 2524 2767 2567 sq.)

453 2579 536 2615 Nec
558 2578 860 2614 Bouterweckius
885 2586 1088 2617 cunctatur,
1113 2587 1259 2626 propter
1283 2581 1375 2614 haec
1401 2581 1580 2625 castigare
1603 2579 1822 2626 Euripidem.
1871 2579 1960 2615 Cum
1985 2580 2080 2615 enim
2103 2580 2270 2621 sentiret,
2295 2577 2448 2614 fluxisse
2473 2590 2519 2614 ea
2544 2588 2594 2614 ex
2618 2579 2767 2614 Anaxa·

453 2647 569 2683 gorea
592 2636 799 2683 disciplina,
823 2636 1040 2683 suspicatur,
1063 2635 1221 2683 Euripidi
1246 2648 1295 2672 ex
1311 2636 1567 2683 Anaxagoreis
1593 2636 1638 2672 de
1662 2635 1820 2673 Aethere
1844 2635 2121 2684 disputationem
2145 2635 2305 2671 maxime
2330 2635 2496 2671 arrisisse
2520 2634 2768 2682 tragicumque

452 2692 662 2741 vulgaribus
685 2698 875 2741 poetarum
902 2694 1115 2729 commentis
1139 2704 1212 2728 non
1244 2699 1450 2729 contentum
1475 2693 1606 2729 altiora
1629 2699 1827 2741 spectasse.
1875 2692 2176 2739 philosophatum
2201 2698 2334 2735 tamen,
2359 2693 2474 2738 inquit
2496 2693 2537 2736 (1.
2562 2703 2594 2727 c.
2617 2703 2655 2739 p.
2682 2692 2768 2736 ¹2),

453 2751 500 2785 de
531 2751 587 2786 bis
619 2762 765 2797 quoque
796 2751 907 2786 rebus
939 2751 1057 2794 (velut
1083 2750 1129 2786 de
1154 2751 1436 2795 immortalitate)
1460 2751 1667 2798 Euripidem
1693 2762 1790 2794 esse,
1821 2751 1983 2798 pluribus
2014 2749 2104 2785 locis
2135 2750 2324 2791 docemur,
2355 2749 2483 2795 quibus
2507 2748 2630 2792 simul,
2659 2760 2768 2795 quam

453 2809 725 2854 Anaxagoreae
748 2807 1004 2855 philosophiae
1033 2816 1172 2855 partem
1196 2809 1394 2855 praecipue
1423 2809 1632 2849 imbiberat,
1664 2807 1923 2844 manifestatur.
1952 2808 2229 2852 ,Anaxagoram
2262 2812 2386 2842 notum
2411 2811 2486 2851 est,
2518 2806 2587 2841 etsi
2611 2811 2768 2841 mentem

452 2875 580 2912 puram
604 2876 628 2900 a
651 2865 804 2901 materia
828 2875 1007 2912 corporea
1029 2872 1261 2913 segregatam
1286 2877 1369 2901 esse
1393 2865 1555 2907 dixerat,
1587 2867 1637 2901 ita
1666 2871 1786 2901 tamen
1810 2865 1856 2901 de
1888 2865 2016 2900 mentis
2046 2864 2227 2911 animique
2260 2870 2388 2900 natura
2417 2875 2500 2900 esse
2523 2863 2698 2907 locutum,
2731 2867 2769 2897 ut

454 2932 536 2957 eam
561 2933 641 2957 cum
668 2922 818 2958 aethere
841 2923 921 2957 sive
945 2925 1030 2957 ae're
1054 2934 1144 2970 puro
1170 2930 1398 2970 compararet
1422 2923 1579 2969 ideoque
1605 2924 1778 2963 animum,
1802 2923 1861 2968 qui
1886 2923 2036 2968 cogitat,
2068 2922 2113 2957 ab
2139 2923 2259 2957 animo
2283 2923 2361 2957 sive
2384 2923 2528 2969 spiritu,
2558 2932 2667 2967 quem
2689 2919 2767 2967 pul·

453 2978 620 3014 monibus
644 2978 823 3022 ducimus,
856 2990 931 3015 non
954 2979 1017 3021 ita,
1040 2985 1079 3014 ut
1101 2981 1313 3026 posterioris
1338 2982 1465 3016 aetatis
1495 2980 1723 3028 philosophis
1746 2979 1896 3026 placuit,
1927 2978 2075 3014 differre
2098 2985 2284 3015 statueret.
2332 2977 2437 3015 Quae
2461 2978 2507 3013 de
2532 2977 2683 3012 aethere
2713 2976 2766 3011 di-

451 3037 611 3082 sputatio
633 3036 793 3082 Euripidi
826 3036 985 3071 maxime
1009 3037 1173 3072 arrisisse
1198 3036 1351 3073 videtur.
1399 3038 1462 3073 Sic
1492 3038 1529 3073 in
1554 3036 1783 3084 Supplicibus
1807 3039 1860 3081 (v.
1882 3036 1950 3072 532
1972 3037 2048 3082 sq.)
2094 3036 2250 3082 Argivos
2274 3046 2348 3070 non
2375 3035 2516 3082 perisse
2547 3034 2616 3077 ait;
2641 3044 2769 3069 omnes

434 3093 551 3138 ,enim
573 3105 633 3129 res
658 3105 716 3136 eo,
740 3092 838 3130 uude
860 3093 1040 3138 venerint,
1063 3093 1196 3137 redire,
1221 3105 1377 3143 corpora
1401 3094 1448 3130 ad
1472 3100 1618 3138 terram,
1641 3093 1803 3142 spiritum
1828 3099 1948 3129 autem
1972 3091 2019 3128 ad
2043 3090 2241 3128 aetherem.
2282 3091 2458 3128 Similiter
2483 3090 2570 3127 1139
2585 3090 2767 3136 (βεβᾶσιν,

450 3148 566 3201 αἰθὴρ
589 3151 665 3196 ἔχει
680 3163 739 3186 νιν
760 3149 862 3195 ἤδη).
895 3150 1057 3186 Eandem
1080 3152 1296 3187 sententiam
1320 3151 1435 3187 refert
1456 3151 1697 3197 fragmentum
1724 3151 1818 3197 apud
1840 3151 1995 3187 Sextum
2019 3149 2252 3196 Empiricum,
2276 3149 2364 3184 nihil
2388 3149 2554 3190 interire,
2578 3149 2768 3194 ipsamque

451 3205 606 3242 sormam
629 3208 814 3255 propriam
840 3207 1039 3254 quamlibet
1062 3218 1138 3242 rem
1163 3219 1400 3255 recuperare3
1425 3209 1486 3255 qui
1511 3208 1613 3244 locus
1638 3220 1720 3244 eam
1736 3208 1842 3243 etiam
1867 3207 1914 3244 ob
1931 3218 2098 3243 caussam
2123 3205 2369 3242 memorabilis
2394 3212 2462 3249 est,
2488 3203 2586 3251 quod
2609 3202 2766 3240 aetheris

454 3264 699 3311 appellatione
723 3264 881 3301 ostendit
903 3264 1103 3312 significari
1128 3275 1273 3310 quoque
1289 3265 1433 3308 Jovem,
1456 3265 1641 3300 hominum
1667 3264 1888 3312 deorumque
1910 3270 2084 3306 satorem,
2108 3262 2207 3310 quod
2230 3262 2375 3309 quidem
2400 3274 2421 3298 e
2445 3260 2584 3307 vulgari
2607 3260 2786 3297 Graeco-›

451 3331 531 3355 rum
552 3322 809 3368 superstitione
833 3332 908 3357 non
930 3323 1080 3370 petitum
1105 3332 1185 3356 cum
1209 3323 1456 3369 Anaxagorea
1479 3321 1669 3369 disciplina
1692 3321 1799 3357 facile
1821 3326 1943 3368 potest
1967 3320 2165 3356 conciliari.
2212 3319 2411 3355 Praeclare
2435 3319 2472 3353 in
2494 3318 2692 3366 Hippolyto
2715 3317 2766 3352 di-

451 3377 545 3412 citur
568 3377 620 3420 (v.
646 3377 742 3422 181.)
766 3378 863 3414 aliud
886 3378 1088 3424 quoddam,
1118 3378 1216 3424 quod
1244 3379 1319 3414 vita
1350 3379 1489 3414 dulcius
1513 3380 1577 3421 sit,
1613 3378 1772 3413 tenebris
1796 3378 1985 3420 occultari,
2016 3376 2254 3422 hominesque
2277 3374 2383 3421 hujus
2405 3375 2501 3411 vitae
2526 3386 2607 3411 eam
2630 3378 2768 3409 tantum

449 3433 499 3470 ob
523 3444 601 3470 rem
626 3445 709 3470 esse
742 3440 814 3471 tam
842 3434 1044 3479 studiosos,
1072 3433 1170 3482 quod
1202 3434 1349 3471 alterius
1373 3435 1471 3472 vitae
1497 3446 1690 3481 rerumque
1714 3433 1780 3472 sub
1804 3439 1903 3471 terra
1926 3433 2221 3470 absconditarum
2244 3431 2380 3470 nullam
2402 3431 2563 3470 habeant
2584 3431 2767 3481 peritiam.
