<?xml version="1.0" encoding="UTF-8"?>
<!DOCTYPE html PUBLIC "-//W3C//DTD XHTML 1.0 Transitional//EN"
    "http://www.w3.org/TR/xhtml1/DTD/xhtml1-transitional.dtd">
<html xmlns="http://www.w3.org/1999/xhtml" xml:lang="en" lang="en">
 <head>
  <title>
</title>
<meta http-equiv="Content-Type" content="text/html;charset=utf-8" />
  <meta name='ocr-system' content='tesseract 3.04.00' />
  <meta name='ocr-capabilities' content='ocr_page ocr_carea ocr_par ocr_line ocrx_word'/>
</head>
<body>
  <div class='ocr_page' id='page_1' title='image "4770480_0044.png"; bbox 0 0 3117 3854; ppageno 0'>
   <div class='ocr_carea' id='block_1_1' title="bbox 1331 140 1754 198">
    <p class='ocr_par' dir='ltr' id='par_1_1' title="bbox 1331 140 1754 198">
     <span class='ocr_line' id='line_1_1' title="bbox 1331 140 1754 198; baseline 0.017 -9"><span class='ocrx_word' id='word_1_1' title='bbox 1331 140 1754 198; x_wconf 50' lang='lat' dir='ltr'><strong>mas-*x</strong></span> 
     </span>
    </p>
   </div>
   <div class='ocr_carea' id='block_1_2' title="bbox 306 263 2768 1351">
    <p class='ocr_par' dir='ltr' id='par_1_2' title="bbox 306 263 2768 1351">
     <span class='ocr_line' id='line_1_2' title="bbox 314 263 2768 325; baseline -0.001 -14"><span class='ocrx_word' id='word_1_2' title='bbox 314 267 560 325; x_wconf 75' lang='lat' dir='ltr'><strong>pravitate:</strong></span> <span class='ocrx_word' id='word_1_3' title='bbox 596 267 738 312; x_wconf 87' lang='lat' dir='ltr'><strong>eidem</strong></span> <span class='ocrx_word' id='word_1_4' title='bbox 764 272 913 308; x_wconf 77' lang='lat' dir='ltr'><strong>taruen</strong></span> <span class='ocrx_word' id='word_1_5' title='bbox 941 265 1127 308; x_wconf 84' lang='lat' dir='ltr'><strong>Aetheri</strong></span> <span class='ocrx_word' id='word_1_6' title='bbox 1164 277 1255 307; x_wconf 90' lang='lat' dir='ltr'><strong>nou</strong></span> <span class='ocrx_word' id='word_1_7' title='bbox 1283 264 1495 307; x_wconf 83' lang='lat' dir='ltr'>tribuisse</span> <span class='ocrx_word' id='word_1_8' title='bbox 1521 265 1697 307; x_wconf 89' lang='lat' dir='ltr'><strong>videtur</strong></span> <span class='ocrx_word' id='word_1_9' title='bbox 1723 263 1955 319; x_wconf 82' lang='lat' dir='ltr'><strong>imperium</strong></span> <span class='ocrx_word' id='word_1_10' title='bbox 1981 265 2029 306; x_wconf 88' lang='lat' dir='ltr'><strong>in</strong></span> <span class='ocrx_word' id='word_1_11' title='bbox 2063 271 2241 317; x_wconf 79' lang='lat' dir='ltr'><strong>terram,</strong></span> <span class='ocrx_word' id='word_1_12' title='bbox 2264 273 2392 311; x_wconf 40' lang='lat' dir='ltr'><strong>‘certe</strong></span> <span class='ocrx_word' id='word_1_13' title='bbox 2425 280 2516 310; x_wconf 82' lang='lat' dir='ltr'><strong>nou</strong></span> <span class='ocrx_word' id='word_1_14' title='bbox 2540 267 2608 318; x_wconf 90' lang='lat' dir='ltr'><strong>id,</strong></span> <span class='ocrx_word' id='word_1_15' title='bbox 2646 269 2768 324; x_wconf 70' lang='lat' dir='ltr'><strong>quod</strong></span> 
     </span>
     <span class='ocr_line' id='line_1_3' title="bbox 315 342 2767 402; baseline -0 -11"><span class='ocrx_word' id='word_1_16' title='bbox 315 346 456 391; x_wconf 74' lang='lat' dir='ltr'><strong>nullis</strong></span> <span class='ocrx_word' id='word_1_17' title='bbox 481 346 643 391; x_wconf 81' lang='lat' dir='ltr'><strong>finibus</strong></span> <span class='ocrx_word' id='word_1_18' title='bbox 672 345 1055 401; x_wconf 83' lang='lat' dir='ltr'><strong>circumscriptum</strong></span> <span class='ocrx_word' id='word_1_19' title='bbox 1081 345 1292 402; x_wconf 88' lang='lat' dir='ltr'><strong>nulloque</strong></span> <span class='ocrx_word' id='word_1_20' title='bbox 1320 345 1632 401; x_wconf 81' lang='lat' dir='ltr'><strong>impedimento</strong></span> <span class='ocrx_word' id='word_1_21' title='bbox 1661 344 1880 385; x_wconf 84' lang='lat' dir='ltr'><strong>tardatum</strong></span> <span class='ocrx_word' id='word_1_22' title='bbox 1908 343 1977 386; x_wconf 89' lang='lat' dir='ltr'><strong>sit.</strong></span> <span class='ocrx_word' id='word_1_23' title='bbox 2035 342 2290 395; x_wconf 74' lang='lat' dir='ltr'><strong>Fortunam,</strong></span> <span class='ocrx_word' id='word_1_24' title='bbox 2319 360 2434 401; x_wconf 80' lang='lat' dir='ltr'><strong>quae</strong></span> <span class='ocrx_word' id='word_1_25' title='bbox 2462 347 2508 390; x_wconf 88' lang='lat' dir='ltr'><strong>in</strong></span> <span class='ocrx_word' id='word_1_26' title='bbox 2535 347 2668 390; x_wconf 80' lang='lat' dir='ltr'><strong>terris</strong></span> <span class='ocrx_word' id='word_1_27' title='bbox 2695 355 2767 390; x_wconf 86' lang='lat' dir='ltr'><strong>est</strong></span> 
     </span>
     <span class='ocr_line' id='line_1_4' title="bbox 316 423 2765 481; baseline -0.001 -12"><span class='ocrx_word' id='word_1_28' title='bbox 316 423 560 480; x_wconf 84' lang='lat' dir='ltr'><strong>multiplex,</strong></span> <span class='ocrx_word' id='word_1_29' title='bbox 590 423 776 481; x_wconf 89' lang='lat' dir='ltr'><strong>ejusque</strong></span> <span class='ocrx_word' id='word_1_30' title='bbox 795 423 922 466; x_wconf 86' lang='lat' dir='ltr'><strong>vices</strong></span> <span class='ocrx_word' id='word_1_31' title='bbox 951 430 995 466; x_wconf 90' lang='lat' dir='ltr'><strong>et</strong></span> <span class='ocrx_word' id='word_1_32' title='bbox 1023 423 1366 466; x_wconf 76' lang='lat' dir='ltr'><strong>inconstantiam</strong></span> <span class='ocrx_word' id='word_1_33' title='bbox 1394 437 1484 466; x_wconf 89' lang='lat' dir='ltr'><strong>non</strong></span> <span class='ocrx_word' id='word_1_34' title='bbox 1503 423 1669 465; x_wconf 90' lang='lat' dir='ltr'><strong>habent</strong></span> <span class='ocrx_word' id='word_1_35' title='bbox 1697 423 1741 464; x_wconf 82' lang='lat' dir='ltr'><strong>in</strong></span> <span class='ocrx_word' id='word_1_36' title='bbox 1761 429 1982 478; x_wconf 76' lang='lat' dir='ltr'><strong>potestate</strong></span> <span class='ocrx_word' id='word_1_37' title='bbox 2011 435 2095 464; x_wconf 82' lang='lat' dir='ltr'><strong>sua</strong></span> <span class='ocrx_word' id='word_1_38' title='bbox 2121 423 2180 463; x_wconf 88' lang='lat' dir='ltr'><strong>ab</strong></span> <span class='ocrx_word' id='word_1_39' title='bbox 2201 423 2320 464; x_wconf 85' lang='lat' dir='ltr'><strong>omni</strong></span> <span class='ocrx_word' id='word_1_40' title='bbox 2338 430 2465 478; x_wconf 79' lang='lat' dir='ltr'><strong>parte</strong></span> <span class='ocrx_word' id='word_1_41' title='bbox 2492 439 2580 468; x_wconf 85' lang='lat' dir='ltr'><strong>neo</strong></span> <span class='ocrx_word' id='word_1_42' title='bbox 2597 425 2765 472; x_wconf 74' lang='lat' dir='ltr'><strong>Aether</strong></span> 
     </span>
     <span class='ocr_line' id='line_1_5' title="bbox 317 501 2766 558; baseline 0 -10"><span class='ocrx_word' id='word_1_43' title='bbox 317 502 529 548; x_wconf 76' lang='lat' dir='ltr'><strong>coelestis</strong></span> <span class='ocrx_word' id='word_1_44' title='bbox 557 515 644 546; x_wconf 86' lang='lat' dir='ltr'><strong>nec</strong></span> <span class='ocrx_word' id='word_1_45' title='bbox 672 503 898 545; x_wconf 89' lang='lat' dir='ltr'><strong>hominum</strong></span> <span class='ocrx_word' id='word_1_46' title='bbox 926 509 1099 545; x_wconf 87' lang='lat' dir='ltr'><strong>mentes</strong></span> <span class='ocrx_word' id='word_1_47' title='bbox 1138 503 1317 545; x_wconf 85' lang='lat' dir='ltr'><strong>divinae</strong></span> <span class='ocrx_word' id='word_1_48' title='bbox 1356 507 1401 555; x_wconf 86' lang='lat'><strong>¹).</strong></span> <span class='ocrx_word' id='word_1_49' title='bbox 1460 501 1814 545; x_wconf 81' lang='lat' dir='ltr'><strong>commiscentur</strong></span> <span class='ocrx_word' id='word_1_50' title='bbox 1843 510 1989 545; x_wconf 87' lang='lat' dir='ltr'><strong>sortes</strong></span> <span class='ocrx_word' id='word_1_51' title='bbox 2018 501 2210 544; x_wconf 90' lang='lat' dir='ltr'><strong>sontium</strong></span> <span class='ocrx_word' id='word_1_52' title='bbox 2238 501 2496 553; x_wconf 85' lang='lat' dir='ltr'><strong>insontium,</strong></span> <span class='ocrx_word' id='word_1_53' title='bbox 2532 511 2766 558; x_wconf 87' lang='lat' dir='ltr'><strong>parentum</strong></span> 
     </span>
     <span class='ocr_line' id='line_1_6' title="bbox 316 581 2766 640; baseline -0 -13"><span class='ocrx_word' id='word_1_54' title='bbox 316 581 562 627; x_wconf 89' lang='lat' dir='ltr'><strong>liberorum</strong></span> <span class='ocrx_word' id='word_1_55' title='bbox 584 585 634 634; x_wconf 82' lang='lat'><strong>²).</strong></span> <span class='ocrx_word' id='word_1_56' title='bbox 674 581 767 625; x_wconf 85' lang='lat' dir='ltr'><strong>Sed</strong></span> <span class='ocrx_word' id='word_1_57' title='bbox 797 595 908 625; x_wconf 89' lang='lat' dir='ltr'><strong>cave</strong></span> <span class='ocrx_word' id='word_1_58' title='bbox 939 582 1114 634; x_wconf 89' lang='lat' dir='ltr'><strong>credas,</strong></span> <span class='ocrx_word' id='word_1_59' title='bbox 1144 582 1190 624; x_wconf 91' lang='lat' dir='ltr'><strong>in</strong></span> <span class='ocrx_word' id='word_1_60' title='bbox 1220 589 1340 626; x_wconf 87' lang='lat' dir='ltr'><strong>terra</strong></span> <span class='ocrx_word' id='word_1_61' title='bbox 1368 583 1546 625; x_wconf 90' lang='lat' dir='ltr'><strong>omnino</strong></span> <span class='ocrx_word' id='word_1_62' title='bbox 1568 583 1786 640; x_wconf 87' lang='lat' dir='ltr'><strong>justitiam</strong></span> <span class='ocrx_word' id='word_1_63' title='bbox 1815 596 1919 626; x_wconf 89' lang='lat' dir='ltr'><strong>esse</strong></span> <span class='ocrx_word' id='word_1_64' title='bbox 1947 581 2113 624; x_wconf 83' lang='lat' dir='ltr'><strong>nullam</strong></span> <span class='ocrx_word' id='word_1_65' title='bbox 2132 581 2367 638; x_wconf 79' lang='lat' dir='ltr'><strong>omniaque</strong></span> <span class='ocrx_word' id='word_1_66' title='bbox 2395 581 2560 638; x_wconf 82' lang='lat' dir='ltr'><strong>injusta</strong></span> <span class='ocrx_word' id='word_1_67' title='bbox 2587 581 2766 637; x_wconf 73' lang='lat' dir='ltr'><strong>impune</strong></span> 
     </span>
     <span class='ocr_line' id='line_1_7' title="bbox 315 660 2765 720; baseline -0.001 -14"><span class='ocrx_word' id='word_1_68' title='bbox 315 662 414 706; x_wconf 88' lang='lat' dir='ltr'><strong>fieri</strong></span> <span class='ocrx_word' id='word_1_69' title='bbox 443 669 487 706; x_wconf 88' lang='lat' dir='ltr'><strong>et</strong></span> <span class='ocrx_word' id='word_1_70' title='bbox 514 660 666 705; x_wconf 85' lang='lat' dir='ltr'><strong>inulto.</strong></span> <span class='ocrx_word' id='word_1_71' title='bbox 726 661 900 704; x_wconf 88' lang='lat' dir='ltr'><strong>Etenim</strong></span> <span class='ocrx_word' id='word_1_72' title='bbox 928 685 984 693; x_wconf 89' lang='lat'><strong>-—</strong></span> <span class='ocrx_word' id='word_1_73' title='bbox 1013 662 1147 705; x_wconf 89' lang='lat' dir='ltr'><strong>venia</strong></span> <span class='ocrx_word' id='word_1_74' title='bbox 1166 663 1314 715; x_wconf 87' lang='lat' dir='ltr'><strong>detur,</strong></span> <span class='ocrx_word' id='word_1_75' title='bbox 1345 663 1384 705; x_wconf 89' lang='lat' dir='ltr'><strong>si</strong></span> <span class='ocrx_word' id='word_1_76' title='bbox 1413 662 1518 720; x_wconf 88' lang='lat' dir='ltr'><strong>quid</strong></span> <span class='ocrx_word' id='word_1_77' title='bbox 1548 663 1788 706; x_wconf 83' lang='lat' dir='ltr'><strong>erraverim</strong></span> <span class='ocrx_word' id='word_1_78' title='bbox 1815 687 1872 693; x_wconf 91' lang='lat'><strong>—-—</strong></span> <span class='ocrx_word' id='word_1_79' title='bbox 1899 662 2072 705; x_wconf 84' lang='lat' dir='ltr'><strong>etiamsi</strong></span> <span class='ocrx_word' id='word_1_80' title='bbox 2099 675 2188 704; x_wconf 90' lang='lat' dir='ltr'><strong>non</strong></span> <span class='ocrx_word' id='word_1_81' title='bbox 2218 661 2415 704; x_wconf 87' lang='lat' dir='ltr'><strong>universi</strong></span> <span class='ocrx_word' id='word_1_82' title='bbox 2443 660 2654 705; x_wconf 78' lang='lat' dir='ltr'><strong>Aetheris</strong></span> <span class='ocrx_word' id='word_1_83' title='bbox 2674 669 2765 715; x_wconf 81' lang='lat' dir='ltr'><strong>est,</strong></span> 
     </span>
     <span class='ocr_line' id='line_1_8' title="bbox 306 739 2765 800; baseline 0 -15"><span class='ocrx_word' id='word_1_84' title='bbox 306 741 526 800; x_wconf 88' lang='lat' dir='ltr'><strong>justitiam</strong></span> <span class='ocrx_word' id='word_1_85' title='bbox 553 744 598 784; x_wconf 85' lang='lat' dir='ltr'><strong>in</strong></span> <span class='ocrx_word' id='word_1_86' title='bbox 626 754 895 799; x_wconf 85' lang='lat' dir='ltr'><strong>unaquaque</strong></span> <span class='ocrx_word' id='word_1_87' title='bbox 922 755 974 786; x_wconf 91' lang='lat' dir='ltr'><strong>re</strong></span> <span class='ocrx_word' id='word_1_88' title='bbox 1004 755 1210 795; x_wconf 90' lang='lat' dir='ltr'><strong>servare,</strong></span> <span class='ocrx_word' id='word_1_89' title='bbox 1241 749 1386 786; x_wconf 85' lang='lat' dir='ltr'><strong>tamen</strong></span> <span class='ocrx_word' id='word_1_90' title='bbox 1416 743 1513 799; x_wconf 89' lang='lat' dir='ltr'><strong>ejus</strong></span> <span class='ocrx_word' id='word_1_91' title='bbox 1543 750 1624 794; x_wconf 87' lang='lat' dir='ltr'><strong>est,</strong></span> <span class='ocrx_word' id='word_1_92' title='bbox 1655 743 1728 800; x_wconf 91' lang='lat' dir='ltr'><strong>qui</strong></span> <span class='ocrx_word' id='word_1_93' title='bbox 1758 742 1812 784; x_wconf 89' lang='lat' dir='ltr'><strong>de</strong></span> <span class='ocrx_word' id='word_1_94' title='bbox 1842 740 1970 784; x_wconf 89' lang='lat' dir='ltr'><strong>coelo</strong></span> <span class='ocrx_word' id='word_1_95' title='bbox 2001 740 2213 797; x_wconf 86' lang='lat' dir='ltr'><strong>delapsus</strong></span> <span class='ocrx_word' id='word_1_96' title='bbox 2242 741 2286 783; x_wconf 90' lang='lat' dir='ltr'><strong>in</strong></span> <span class='ocrx_word' id='word_1_97' title='bbox 2322 739 2546 784; x_wconf 83' lang='lat' dir='ltr'><strong>hominum</strong></span> <span class='ocrx_word' id='word_1_98' title='bbox 2575 751 2765 796; x_wconf 86' lang='lat' dir='ltr'><strong>corpore</strong></span> 
     </span>
     <span class='ocr_line' id='line_1_9' title="bbox 313 819 2763 879; baseline -0 -16"><span class='ocrx_word' id='word_1_99' title='bbox 313 819 517 864; x_wconf 88' lang='lat' dir='ltr'><strong>inclusus</strong></span> <span class='ocrx_word' id='word_1_100' title='bbox 545 819 715 863; x_wconf 88' lang='lat' dir='ltr'><strong>habitat</strong></span> <span class='ocrx_word' id='word_1_101' title='bbox 743 833 800 863; x_wconf 89' lang='lat' dir='ltr'><strong>ac</strong></span> <span class='ocrx_word' id='word_1_102' title='bbox 827 820 949 878; x_wconf 82' lang='lat' dir='ltr'><strong>viget</strong></span> <span class='ocrx_word' id='word_1_103' title='bbox 977 821 1186 879; x_wconf 85' lang='lat' dir='ltr'><strong>vivitque.</strong></span> <span class='ocrx_word' id='word_1_104' title='bbox 1244 822 1446 878; x_wconf 86' lang='lat' dir='ltr'><strong>Namque</strong></span> <span class='ocrx_word' id='word_1_105' title='bbox 1476 828 1566 864; x_wconf 90' lang='lat' dir='ltr'><strong>tum</strong></span> <span class='ocrx_word' id='word_1_106' title='bbox 1594 821 1693 876; x_wconf 89' lang='lat' dir='ltr'><strong>ipse</strong></span> <span class='ocrx_word' id='word_1_107' title='bbox 1721 834 1804 863; x_wconf 85' lang='lat' dir='ltr'><strong>suo</strong></span> <span class='ocrx_word' id='word_1_108' title='bbox 1843 820 2052 876; x_wconf 84' lang='lat' dir='ltr'><strong>pungitur</strong></span> <span class='ocrx_word' id='word_1_109' title='bbox 2091 819 2247 862; x_wconf 90' lang='lat' dir='ltr'><strong>dolore</strong></span> <span class='ocrx_word' id='word_1_110' title='bbox 2285 820 2458 863; x_wconf 85' lang='lat' dir='ltr'><strong>scelere</strong></span> <span class='ocrx_word' id='word_1_111' title='bbox 2494 820 2692 862; x_wconf 84' lang='lat' dir='ltr'><strong>admisso</strong></span> <span class='ocrx_word' id='word_1_112' title='bbox 2726 823 2763 871; x_wconf 75' lang='lat'><strong>³)</strong></span> 
     </span>
     <span class='ocr_line' id='line_1_10' title="bbox 317 898 2764 956; baseline -0.001 -13"><span class='ocrx_word' id='word_1_113' title='bbox 317 898 396 952; x_wconf 81' lang='lat' dir='ltr'><strong>(cf.</strong></span> <span class='ocrx_word' id='word_1_114' title='bbox 417 912 553 955; x_wconf 89' lang='lat' dir='ltr'><strong>supra</strong></span> <span class='ocrx_word' id='word_1_115' title='bbox 571 914 615 956; x_wconf 89' lang='lat' dir='ltr'><strong>p.</strong></span> <span class='ocrx_word' id='word_1_116' title='bbox 635 899 743 952; x_wconf 59' lang='lat'><strong>240,</strong></span> <span class='ocrx_word' id='word_1_117' title='bbox 772 907 864 942; x_wconf 88' lang='lat' dir='ltr'><strong>tum</strong></span> <span class='ocrx_word' id='word_1_118' title='bbox 893 907 1031 953; x_wconf 86' lang='lat' dir='ltr'><strong>curat,</strong></span> <span class='ocrx_word' id='word_1_119' title='bbox 1059 914 1116 943; x_wconf 87' lang='lat' dir='ltr'><strong>ne</strong></span> <span class='ocrx_word' id='word_1_120' title='bbox 1136 900 1347 956; x_wconf 90' lang='lat' dir='ltr'><strong>impunita</strong></span> <span class='ocrx_word' id='word_1_121' title='bbox 1375 899 1464 941; x_wconf 89' lang='lat' dir='ltr'><strong>sint</strong></span> <span class='ocrx_word' id='word_1_122' title='bbox 1491 899 1677 941; x_wconf 91' lang='lat' dir='ltr'><strong>aliorum</strong></span> <span class='ocrx_word' id='word_1_123' title='bbox 1706 899 1902 941; x_wconf 88' lang='lat' dir='ltr'><strong>crimina.</strong></span> <span class='ocrx_word' id='word_1_124' title='bbox 1944 898 2073 941; x_wconf 88' lang='lat' dir='ltr'><strong>Unde</strong></span> <span class='ocrx_word' id='word_1_125' title='bbox 2093 899 2212 953; x_wconf 90' lang='lat' dir='ltr'><strong>apud</strong></span> <span class='ocrx_word' id='word_1_126' title='bbox 2230 899 2487 954; x_wconf 86' lang='lat' dir='ltr'><strong>Euripidem</strong></span> <span class='ocrx_word' id='word_1_127' title='bbox 2505 898 2764 955; x_wconf 82' lang='lat' dir='ltr'><strong>plerumque</strong></span> 
     </span>
     <span class='ocr_line' id='line_1_11' title="bbox 313 977 2763 1034; baseline -0 -13"><span class='ocrx_word' id='word_1_128' title='bbox 313 991 406 1021; x_wconf 90' lang='lat' dir='ltr'><strong>non</strong></span> <span class='ocrx_word' id='word_1_129' title='bbox 435 977 565 1022; x_wconf 89' lang='lat' dir='ltr'><strong>deum</strong></span> <span class='ocrx_word' id='word_1_130' title='bbox 583 991 759 1034; x_wconf 88' lang='lat' dir='ltr'><strong>poenae</strong></span> <span class='ocrx_word' id='word_1_131' title='bbox 790 985 1045 1023; x_wconf 86' lang='lat' dir='ltr'><strong>exactorem</strong></span> <span class='ocrx_word' id='word_1_132' title='bbox 1075 978 1461 1034; x_wconf 86' lang='lat' dir='ltr'><strong>deprehendimus,</strong></span> <span class='ocrx_word' id='word_1_133' title='bbox 1491 979 1573 1022; x_wconf 88' lang='lat' dir='ltr'><strong>sed</strong></span> <span class='ocrx_word' id='word_1_134' title='bbox 1600 977 1804 1020; x_wconf 85' lang='lat' dir='ltr'><strong>homines</strong></span> <span class='ocrx_word' id='word_1_135' title='bbox 1832 977 1966 1020; x_wconf 89' lang='lat' dir='ltr'><strong>alieni</strong></span> <span class='ocrx_word' id='word_1_136' title='bbox 1993 977 2169 1034; x_wconf 86' lang='lat' dir='ltr'><strong>peccati</strong></span> <span class='ocrx_word' id='word_1_137' title='bbox 2199 977 2507 1034; x_wconf 85' lang='lat' dir='ltr'><strong>castigatores,</strong></span> <span class='ocrx_word' id='word_1_138' title='bbox 2535 977 2763 1020; x_wconf 86' lang='lat' dir='ltr'><strong>ministros</strong></span> 
     </span>
     <span class='ocr_line' id='line_1_12' title="bbox 311 1055 2763 1115; baseline -0.001 -14"><span class='ocrx_word' id='word_1_139' title='bbox 311 1056 399 1101; x_wconf 84' lang='lat' dir='ltr'><strong>Dei</strong></span> <span class='ocrx_word' id='word_1_140' title='bbox 428 1063 562 1115; x_wconf 88' lang='lat' dir='ltr'><strong>atque</strong></span> <span class='ocrx_word' id='word_1_141' title='bbox 590 1056 829 1101; x_wconf 86' lang='lat' dir='ltr'><strong>Fortunae.</strong></span> <span class='ocrx_word' id='word_1_142' title='bbox 889 1059 937 1100; x_wconf 88' lang='lat' dir='ltr'><strong>ld</strong></span> <span class='ocrx_word' id='word_1_143' title='bbox 968 1058 1085 1115; x_wconf 91' lang='lat' dir='ltr'><strong>quod</strong></span> <span class='ocrx_word' id='word_1_144' title='bbox 1115 1057 1331 1101; x_wconf 84' lang='lat' dir='ltr'><strong>contineri</strong></span> <span class='ocrx_word' id='word_1_145' title='bbox 1358 1057 1533 1101; x_wconf 89' lang='lat' dir='ltr'><strong>videtur</strong></span> <span class='ocrx_word' id='word_1_146' title='bbox 1560 1057 1767 1100; x_wconf 88' lang='lat' dir='ltr'><strong>versibus</strong></span> <span class='ocrx_word' id='word_1_147' title='bbox 1797 1057 1908 1100; x_wconf 90' lang='lat' dir='ltr'><strong>satis</strong></span> <span class='ocrx_word' id='word_1_148' title='bbox 1936 1056 2184 1112; x_wconf 85' lang='lat' dir='ltr'><strong>perplexis,</strong></span> <span class='ocrx_word' id='word_1_149' title='bbox 2223 1056 2297 1113; x_wconf 89' lang='lat' dir='ltr'><strong>qui</strong></span> <span class='ocrx_word' id='word_1_150' title='bbox 2325 1063 2430 1099; x_wconf 89' lang='lat' dir='ltr'><strong>sunt</strong></span> <span class='ocrx_word' id='word_1_151' title='bbox 2465 1057 2510 1098; x_wconf 89' lang='lat' dir='ltr'><strong>in</strong></span> <span class='ocrx_word' id='word_1_152' title='bbox 2539 1055 2763 1100; x_wconf 86' lang='lat' dir='ltr'><strong>Troadum</strong></span> 
     </span>
     <span class='ocr_line' id='line_1_13' title="bbox 316 1134 2763 1194; baseline 0 -16"><span class='ocrx_word' id='word_1_153' title='bbox 316 1147 361 1178; x_wconf 81' lang='lat' dir='ltr'><strong>v.</strong></span> <span class='ocrx_word' id='word_1_154' title='bbox 391 1134 478 1180; x_wconf 79' lang='lat'><strong>890</strong></span> <span class='ocrx_word' id='word_1_155' title='bbox 507 1148 576 1194; x_wconf 86' lang='lat' dir='ltr'><strong>sq.</strong></span> <span class='ocrx_word' id='word_1_156' title='bbox 643 1137 708 1179; x_wconf 90' lang='lat' dir='ltr'><strong>lbi</strong></span> <span class='ocrx_word' id='word_1_157' title='bbox 745 1136 929 1180; x_wconf 86' lang='lat' dir='ltr'><strong>Hecuba</strong></span> <span class='ocrx_word' id='word_1_158' title='bbox 964 1137 1132 1188; x_wconf 85' lang='lat' dir='ltr'><strong>audito,</strong></span> <span class='ocrx_word' id='word_1_159' title='bbox 1170 1136 1424 1179; x_wconf 84' lang='lat' dir='ltr'><strong>Menelaum</strong></span> <span class='ocrx_word' id='word_1_160' title='bbox 1462 1137 1520 1178; x_wconf 86' lang='lat' dir='ltr'><strong>ab</strong></span> <span class='ocrx_word' id='word_1_161' title='bbox 1549 1135 1721 1179; x_wconf 90' lang='lat' dir='ltr'><strong>Helena</strong></span> <span class='ocrx_word' id='word_1_162' title='bbox 1758 1149 1929 1193; x_wconf 88' lang='lat' dir='ltr'><strong>poenas</strong></span> <span class='ocrx_word' id='word_1_163' title='bbox 1967 1136 2253 1191; x_wconf 87' lang='lat' dir='ltr'><strong>repetiturum</strong></span> <span class='ocrx_word' id='word_1_164' title='bbox 2282 1149 2386 1178; x_wconf 90' lang='lat' dir='ltr'><strong>esse</strong></span> <span class='ocrx_word' id='word_1_165' title='bbox 2422 1137 2625 1189; x_wconf 85' lang='lat' dir='ltr'><strong>meritas,</strong></span> <span class='ocrx_word' id='word_1_166' title='bbox 2663 1149 2763 1178; x_wconf 88' lang='lat' dir='ltr'><strong>cum</strong></span> 
     </span>
     <span class='ocr_line' id='line_1_14' title="bbox 313 1213 2763 1274; baseline -0 -16"><span class='ocrx_word' id='word_1_167' title='bbox 313 1215 465 1259; x_wconf 90' lang='lat' dir='ltr'><strong>omnia</strong></span> <span class='ocrx_word' id='word_1_168' title='bbox 485 1215 609 1274; x_wconf 88' lang='lat' dir='ltr'><strong>juste</strong></span> <span class='ocrx_word' id='word_1_169' title='bbox 639 1216 877 1273; x_wconf 84' lang='lat' dir='ltr'><strong>gubernari</strong></span> <span class='ocrx_word' id='word_1_170' title='bbox 905 1213 1108 1267; x_wconf 83' lang='lat' dir='ltr'><strong>affirmet,</strong></span> <span class='ocrx_word' id='word_1_171' title='bbox 1149 1217 1337 1268; x_wconf 89' lang='lat' dir='ltr'><strong>dubitat,</strong></span> <span class='ocrx_word' id='word_1_172' title='bbox 1375 1229 1535 1259; x_wconf 89' lang='lat' dir='ltr'><strong>numen</strong></span> <span class='ocrx_word' id='word_1_173' title='bbox 1566 1216 1760 1258; x_wconf 87' lang='lat' dir='ltr'><strong>divinum</strong></span> <span class='ocrx_word' id='word_1_174' title='bbox 1794 1223 1938 1257; x_wconf 72' lang='lat' dir='ltr'><strong>utrum</strong></span> <span class='ocrx_word' id='word_1_175' title='bbox 1967 1216 2025 1257; x_wconf 87' lang='lat' dir='ltr'><strong>sit</strong></span> <span class='ocrx_word' id='word_1_176' title='bbox 2051 1215 2277 1257; x_wconf 86' lang='lat' dir='ltr'><strong>hominum</strong></span> <span class='ocrx_word' id='word_1_177' title='bbox 2305 1229 2452 1267; x_wconf 89' lang='lat' dir='ltr'><strong>mens,</strong></span> <span class='ocrx_word' id='word_1_178' title='bbox 2491 1228 2550 1257; x_wconf 87' lang='lat' dir='ltr'><strong>an</strong></span> <span class='ocrx_word' id='word_1_179' title='bbox 2578 1221 2763 1258; x_wconf 86' lang='lat' dir='ltr'><strong>naturae</strong></span> 
     </span>
     <span class='ocr_line' id='line_1_15' title="bbox 314 1295 829 1351; baseline 0 -15"><span class='ocrx_word' id='word_1_180' title='bbox 314 1295 537 1351; x_wconf 88' lang='lat' dir='ltr'><strong>quaedam</strong></span> <span class='ocrx_word' id='word_1_181' title='bbox 565 1295 829 1337; x_wconf 87' lang='lat' dir='ltr'><strong>necessitas.</strong></span> 
     </span>
    </p>
   </div>
   <div class='ocr_carea' id='block_1_3' title="bbox 381 1368 2761 1509">
    <p class='ocr_par' dir='ltr' id='par_1_3' title="bbox 381 1368 2761 1509">
     <span class='ocr_line' id='line_1_16' title="bbox 384 1368 2637 1431; baseline 0 -15"><span class='ocrx_word' id='word_1_182' title='bbox 384 1368 421 1415; x_wconf 80' lang='grc' dir='ltr'><strong><em>ὦ</em></strong></span> <span class='ocrx_word' id='word_1_183' title='bbox 450 1375 532 1429; x_wconf 83' lang='grc' dir='ltr'><strong>γῆς</strong></span> <span class='ocrx_word' id='word_1_184' title='bbox 560 1368 701 1431; x_wconf 71' lang='grc' dir='ltr'><strong><em>ἷίχημα</em></strong></span> <span class='ocrx_word' id='word_1_185' title='bbox 729 1369 842 1416; x_wconf 79' lang='grc' dir='ltr'><strong>κάπὶ</strong></span> <span class='ocrx_word' id='word_1_186' title='bbox 869 1376 950 1429; x_wconf 76' lang='grc' dir='ltr'><strong>γῆς</strong></span> <span class='ocrx_word' id='word_1_187' title='bbox 979 1370 1090 1427; x_wconf 73' lang='grc' dir='ltr'><strong><em>ἔχων</em></strong></span> <span class='ocrx_word' id='word_1_188' title='bbox 1121 1371 1266 1430; x_wconf 73' lang='grc' dir='ltr'><strong><em>ἕδραν,</em></strong></span> <span class='ocrx_word' id='word_1_189' title='bbox 1608 1369 1923 1431; x_wconf 69' lang='grc' dir='ltr'>προσηυξάμην</span> <span class='ocrx_word' id='word_1_190' title='bbox 1952 1385 2016 1415; x_wconf 85' lang='grc' dir='ltr'><strong><em>σε·</em></strong></span> <span class='ocrx_word' id='word_1_191' title='bbox 2047 1369 2192 1431; x_wconf 79' lang='grc' dir='ltr'><strong><em>πάντα</em></strong></span> <span class='ocrx_word' id='word_1_192' title='bbox 2221 1373 2318 1430; x_wconf 81' lang='grc' dir='ltr'><strong><em>γὰρ,</em></strong></span> <span class='ocrx_word' id='word_1_193' title='bbox 2350 1370 2411 1416; x_wconf 77' lang='grc' dir='ltr'><strong>δι’</strong></span> <span class='ocrx_word' id='word_1_194' title='bbox 2447 1369 2637 1430; x_wconf 77' lang='grc' dir='ltr'>ἀψόφου</span> 
     </span>
     <span class='ocr_line' id='line_1_17' title="bbox 381 1446 2761 1509; baseline 0 -16"><span class='ocrx_word' id='word_1_195' title='bbox 381 1448 504 1502; x_wconf 77' lang='grc' dir='ltr'><strong><em>ὅστις</em></strong></span> <span class='ocrx_word' id='word_1_196' title='bbox 531 1447 633 1494; x_wconf 79' lang='grc' dir='ltr'><strong><em>πότ’</em></strong></span> <span class='ocrx_word' id='word_1_197' title='bbox 667 1446 707 1493; x_wconf 85' lang='grc' dir='ltr'><strong>εἶ</strong></span> <span class='ocrx_word' id='word_1_198' title='bbox 737 1465 791 1494; x_wconf 89' lang='grc' dir='ltr'><strong><em>συ</em></strong></span> <span class='ocrx_word' id='word_1_199' title='bbox 820 1448 1122 1501; x_wconf 80' lang='grc' dir='ltr'><strong><em>δυστόπασιος</em></strong></span> <span class='ocrx_word' id='word_1_200' title='bbox 1151 1448 1326 1501; x_wconf 80' lang='grc' dir='ltr'><strong><em>εἰδέναι,</em></strong></span> <span class='ocrx_word' id='word_1_201' title='bbox 1606 1449 1771 1505; x_wconf 81' lang='grc' dir='ltr'>βαίνων</span> <span class='ocrx_word' id='word_1_202' title='bbox 1796 1448 2027 1504; x_wconf 69' lang='grc' dir='ltr'><strong><em>κελεύθου,</em></strong></span> <span class='ocrx_word' id='word_1_203' title='bbox 2052 1451 2164 1494; x_wconf 77' lang='grc' dir='ltr'><strong><em>κατὰ</em></strong></span> <span class='ocrx_word' id='word_1_204' title='bbox 2192 1450 2315 1509; x_wconf 77' lang='grc' dir='ltr'><strong><em>δίκην</em></strong></span> <span class='ocrx_word' id='word_1_205' title='bbox 2329 1451 2384 1494; x_wconf 84' lang='grc' dir='ltr'><strong><em>τὰ</em></strong></span> <span class='ocrx_word' id='word_1_206' title='bbox 2408 1447 2541 1508; x_wconf 72' lang='grc' dir='ltr'><strong><em>θνήτ’</em></strong></span> <span class='ocrx_word' id='word_1_207' title='bbox 2559 1446 2682 1508; x_wconf 75' lang='grc' dir='ltr'><strong><em>ι’ἱγεις</em></strong></span> <span class='ocrx_word' id='word_1_208' title='bbox 2706 1454 2761 1501; x_wconf 76' lang='lat'><strong>⁴).</strong></span> 
     </span>
    </p>
   </div>
   <div class='ocr_carea' id='block_1_4' title="bbox 310 1525 2759 1825">
    <p class='ocr_par' dir='ltr' id='par_1_4' title="bbox 310 1525 2759 1825">
     <span class='ocr_line' id='line_1_18' title="bbox 379 1525 1472 1590; baseline 0 -18"><span class='ocrx_word' id='word_1_209' title='bbox 379 1529 505 1584; x_wconf 84' lang='grc' dir='ltr'><strong><em>Ζεὺς,</em></strong></span> <span class='ocrx_word' id='word_1_210' title='bbox 536 1525 619 1574; x_wconf 76' lang='grc' dir='ltr'><strong><em>εἴτ’</em></strong></span> <span class='ocrx_word' id='word_1_211' title='bbox 644 1525 808 1589; x_wconf 80' lang='grc' dir='ltr'><strong><em>ἀνάγκη</em></strong></span> <span class='ocrx_word' id='word_1_212' title='bbox 830 1526 1023 1590; x_wconf 74' lang='grc' dir='ltr'><strong><em>φύσεως,</em></strong></span> <span class='ocrx_word' id='word_1_213' title='bbox 1052 1526 1140 1573; x_wconf 77' lang='grc' dir='ltr'><strong><em>εἴτε</em></strong></span> <span class='ocrx_word' id='word_1_214' title='bbox 1170 1531 1273 1580; x_wconf 77' lang='grc' dir='ltr'><strong><em>νοῦς</em></strong></span> <span class='ocrx_word' id='word_1_215' title='bbox 1298 1530 1472 1588; x_wconf 81' lang='grc' dir='ltr'><em>βροτῶν</em></span> 
     </span>
     <span class='ocr_line' id='line_1_19' title="bbox 447 1608 2759 1666; baseline 0 -15"><span class='ocrx_word' id='word_1_216' title='bbox 447 1608 667 1666; x_wconf 86' lang='lat' dir='ltr'><strong>Equidem</strong></span> <span class='ocrx_word' id='word_1_217' title='bbox 704 1609 1095 1665; x_wconf 83' lang='lat' dir='ltr'><strong>persuasissimum</strong></span> <span class='ocrx_word' id='word_1_218' title='bbox 1132 1609 1295 1661; x_wconf 83' lang='lat' dir='ltr'><strong>habeo,</strong></span> <span class='ocrx_word' id='word_1_219' title='bbox 1333 1608 1590 1664; x_wconf 88' lang='lat' dir='ltr'><strong>Euripidem</strong></span> <span class='ocrx_word' id='word_1_220' title='bbox 1625 1609 1696 1650; x_wconf 89' lang='lat' dir='ltr'><strong>his</strong></span> <span class='ocrx_word' id='word_1_221' title='bbox 1732 1609 2032 1665; x_wconf 82' lang='lat' dir='ltr'><strong>significasse,</strong></span> <span class='ocrx_word' id='word_1_222' title='bbox 2072 1617 2262 1652; x_wconf 88' lang='lat' dir='ltr'><strong>mentem</strong></span> <span class='ocrx_word' id='word_1_223' title='bbox 2296 1609 2555 1659; x_wconf 83' lang='lat' dir='ltr'><strong>humanam,</strong></span> <span class='ocrx_word' id='word_1_224' title='bbox 2592 1609 2759 1665; x_wconf 88' lang='lat' dir='ltr'><strong>quippe</strong></span> 
     </span>
     <span class='ocr_line' id='line_1_20' title="bbox 311 1687 2759 1746; baseline -0 -16"><span class='ocrx_word' id='word_1_225' title='bbox 311 1700 430 1746; x_wconf 87' lang='lat' dir='ltr'><strong>quae</strong></span> <span class='ocrx_word' id='word_1_226' title='bbox 457 1700 566 1745; x_wconf 85' lang='lat' dir='ltr'><strong>pars</strong></span> <span class='ocrx_word' id='word_1_227' title='bbox 596 1687 654 1731; x_wconf 91' lang='lat' dir='ltr'><strong>sit</strong></span> <span class='ocrx_word' id='word_1_228' title='bbox 682 1688 879 1731; x_wconf 88' lang='lat' dir='ltr'><strong>universi</strong></span> <span class='ocrx_word' id='word_1_229' title='bbox 905 1687 1128 1741; x_wconf 88' lang='lat' dir='ltr'><strong>Aetheris,</strong></span> <span class='ocrx_word' id='word_1_230' title='bbox 1157 1688 1220 1731; x_wconf 83' lang='lat' dir='ltr'><strong>ita</strong></span> <span class='ocrx_word' id='word_1_231' title='bbox 1238 1694 1538 1744; x_wconf 87' lang='lat' dir='ltr'><strong>comparatam</strong></span> <span class='ocrx_word' id='word_1_232' title='bbox 1568 1701 1685 1741; x_wconf 90' lang='lat' dir='ltr'><strong>esse,</strong></span> <span class='ocrx_word' id='word_1_233' title='bbox 1716 1695 1763 1729; x_wconf 89' lang='lat' dir='ltr'><strong>ut</strong></span> <span class='ocrx_word' id='word_1_234' title='bbox 1781 1694 1969 1745; x_wconf 87' lang='lat' dir='ltr'><strong>sequuta</strong></span> <span class='ocrx_word' id='word_1_235' title='bbox 1996 1695 2197 1731; x_wconf 88' lang='lat' dir='ltr'><strong>naturam</strong></span> <span class='ocrx_word' id='word_1_236' title='bbox 2226 1702 2353 1731; x_wconf 85' lang='lat' dir='ltr'><strong>suam</strong></span> <span class='ocrx_word' id='word_1_237' title='bbox 2374 1689 2567 1731; x_wconf 84' lang='lat' dir='ltr'><strong>divinam</strong></span> <span class='ocrx_word' id='word_1_238' title='bbox 2594 1688 2759 1744; x_wconf 84' lang='lat' dir='ltr'><strong>injusta</strong></span> 
     </span>
     <span class='ocr_line' id='line_1_21' title="bbox 310 1765 2758 1825; baseline -0.001 -14"><span class='ocrx_word' id='word_1_239' title='bbox 310 1778 515 1824; x_wconf 85' lang='lat' dir='ltr'><strong>quaeque</strong></span> <span class='ocrx_word' id='word_1_240' title='bbox 550 1765 755 1811; x_wconf 84' lang='lat' dir='ltr'><strong>facinora</strong></span> <span class='ocrx_word' id='word_1_241' title='bbox 791 1765 1034 1811; x_wconf 84' lang='lat' dir='ltr'><strong>ulciscatur</strong></span> <span class='ocrx_word' id='word_1_242' title='bbox 1066 1771 1118 1820; x_wconf 80' lang='lat'><strong>⁵).</strong></span> <span class='ocrx_word' id='word_1_243' title='bbox 1176 1767 1214 1811; x_wconf 92' lang='lat' dir='ltr'><strong>E</strong></span> <span class='ocrx_word' id='word_1_244' title='bbox 1243 1765 1392 1811; x_wconf 90' lang='lat' dir='ltr'><strong>multis</strong></span> <span class='ocrx_word' id='word_1_245' title='bbox 1422 1766 1660 1825; x_wconf 87' lang='lat' dir='ltr'><strong>exemplis,</strong></span> <span class='ocrx_word' id='word_1_246' title='bbox 1701 1767 1859 1824; x_wconf 90' lang='lat' dir='ltr'><strong>quibus</strong></span> <span class='ocrx_word' id='word_1_247' title='bbox 1895 1767 2099 1811; x_wconf 88' lang='lat' dir='ltr'><strong>homiues</strong></span> <span class='ocrx_word' id='word_1_248' title='bbox 2133 1767 2266 1812; x_wconf 87' lang='lat' dir='ltr'><strong>alieni</strong></span> <span class='ocrx_word' id='word_1_249' title='bbox 2303 1767 2518 1811; x_wconf 82' lang='lat' dir='ltr'><strong>facinoris</strong></span> <span class='ocrx_word' id='word_1_250' title='bbox 2554 1767 2758 1809; x_wconf 84' lang='lat' dir='ltr'><strong>vindices</strong></span> 
     </span>
    </p>
   </div>
   <div class='ocr_carea' id='block_1_5' title="bbox 389 1922 1796 1973">
    <p class='ocr_par' dir='ltr' id='par_1_5' title="bbox 389 1922 1796 1973">
     <span class='ocr_line' id='line_1_22' title="bbox 389 1922 1796 1973; baseline -0.002 -12"><span class='ocrx_word' id='word_1_251' title='bbox 389 1925 418 1970; x_wconf 86' lang='lat'><strong>¹)</strong></span> <span class='ocrx_word' id='word_1_252' title='bbox 580 1923 711 1961; x_wconf 87' lang='lat' dir='ltr'><strong>lncert.</strong></span> <span class='ocrx_word' id='word_1_253' title='bbox 738 1930 831 1971; x_wconf 79' lang='lat' dir='ltr'><strong>trag.</strong></span> <span class='ocrx_word' id='word_1_254' title='bbox 855 1923 899 1960; x_wconf 77' lang='lat' dir='ltr'><strong>fr.</strong></span> <span class='ocrx_word' id='word_1_255' title='bbox 926 1922 1088 1960; x_wconf 83' lang='lat' dir='ltr'><strong>CXXIX.</strong></span> <span class='ocrx_word' id='word_1_256' title='bbox 1669 1927 1796 1973; x_wconf 76' lang='grc' dir='ltr'><strong><em>βαρέα.</em></strong></span> 
     </span>
    </p>
   </div>
   <div class='ocr_carea' id='block_1_6' title="bbox 383 1979 2645 2890">
    <p class='ocr_par' dir='ltr' id='par_1_6' title="bbox 383 1979 2645 2890">
     <span class='ocr_line' id='line_1_23' title="bbox 650 1979 2200 2027; baseline 0.001 -11"><span class='ocrx_word' id='word_1_257' title='bbox 650 2009 737 2017; x_wconf 86' lang='grc'><strong>......</strong></span> <span class='ocrx_word' id='word_1_258' title='bbox 754 1984 828 2016; x_wconf 82' lang='grc' dir='ltr'><strong>τῶν</strong></span> <span class='ocrx_word' id='word_1_259' title='bbox 850 1979 949 2027; x_wconf 79' lang='grc' dir='ltr'><strong><em>ι’ίγαν</em></strong></span> <span class='ocrx_word' id='word_1_260' title='bbox 970 1981 1043 2027; x_wconf 79' lang='grc' dir='ltr'><strong>γὰρ</strong></span> <span class='ocrx_word' id='word_1_261' title='bbox 1066 1980 1215 2016; x_wconf 75' lang='grc' dir='ltr'><strong><em>ἅπτεται</em></strong></span> <span class='ocrx_word' id='word_1_262' title='bbox 1808 1981 1939 2017; x_wconf 86' lang='lat' dir='ltr'><strong>lucert.</strong></span> <span class='ocrx_word' id='word_1_263' title='bbox 1967 1989 2059 2027; x_wconf 79' lang='lat' dir='ltr'><strong>trag.</strong></span> <span class='ocrx_word' id='word_1_264' title='bbox 2085 1982 2130 2018; x_wconf 76' lang='lat' dir='ltr'><strong>fr.</strong></span> <span class='ocrx_word' id='word_1_265' title='bbox 2156 1983 2200 2017; x_wconf 87' lang='grc' dir='ltr'><strong>ΙΙ.</strong></span> 
     </span>
     <span class='ocr_line' id='line_1_24' title="bbox 441 2035 2645 2087; baseline -0 -13"><span class='ocrx_word' id='word_1_266' title='bbox 441 2037 540 2082; x_wconf 71' lang='grc' dir='ltr'><strong><em>θεὸς,</em></strong></span> <span class='ocrx_word' id='word_1_267' title='bbox 563 2037 607 2074; x_wconf 69' lang='grc' dir='ltr'><strong><em>τά</em></strong></span> <span class='ocrx_word' id='word_1_268' title='bbox 629 2038 744 2086; x_wconf 80' lang='grc' dir='ltr'><strong><em>μικρὰ</em></strong></span> <span class='ocrx_word' id='word_1_269' title='bbox 767 2038 806 2073; x_wconf 78' lang='grc' dir='ltr'><strong>δ’</strong></span> <span class='ocrx_word' id='word_1_270' title='bbox 834 2039 886 2078; x_wconf 70' lang='grc' dir='ltr'><strong>εἲς</strong></span> <span class='ocrx_word' id='word_1_271' title='bbox 907 2035 1020 2084; x_wconf 84' lang='grc' dir='ltr'><strong><em>τύχην</em></strong></span> <span class='ocrx_word' id='word_1_272' title='bbox 1043 2038 1142 2078; x_wconf 77' lang='grc' dir='ltr'><strong><em>ἀνεὶς</em></strong></span> <span class='ocrx_word' id='word_1_273' title='bbox 1166 2039 1221 2084; x_wconf 67' lang='grc' dir='ltr'><strong>ἰᾷ.</strong></span> <span class='ocrx_word' id='word_1_274' title='bbox 1674 2037 1783 2075; x_wconf 76' lang='grc' dir='ltr'><strong><em>Οὔτοι</em></strong></span> <span class='ocrx_word' id='word_1_275' title='bbox 1807 2037 2054 2086; x_wconf 75' lang='grc' dir='ltr'><strong><em>προσελθοῦσ’</em></strong></span> <span class='ocrx_word' id='word_1_276' title='bbox 2083 2036 2105 2082; x_wconf 76' lang='grc' dir='ltr'><em>ἦ</em></span> <span class='ocrx_word' id='word_1_277' title='bbox 2131 2043 2225 2082; x_wconf 74' lang='grc' dir='ltr'><strong>Δίκη</strong></span> <span class='ocrx_word' id='word_1_278' title='bbox 2247 2048 2288 2074; x_wconf 83' lang='grc' dir='ltr'><strong><em>σε</em></strong></span> <span class='ocrx_word' id='word_1_279' title='bbox 2311 2057 2357 2064; x_wconf 90' lang='lat'><strong>—-</strong></span> <span class='ocrx_word' id='word_1_280' title='bbox 2377 2036 2430 2086; x_wconf 81' lang='grc' dir='ltr'><strong>μὴ</strong></span> <span class='ocrx_word' id='word_1_281' title='bbox 2452 2038 2579 2087; x_wconf 73' lang='grc' dir='ltr'><strong><em>τρέσῃς</em></strong></span> <span class='ocrx_word' id='word_1_282' title='bbox 2599 2056 2645 2064; x_wconf 94' lang='lat'>—</span> 
     </span>
     <span class='ocr_line' id='line_1_25' title="bbox 576 2087 2561 2141; baseline 0 -11"><span class='ocrx_word' id='word_1_283' title='bbox 576 2094 720 2130; x_wconf 79' lang='lat' dir='ltr'><strong>Phoeu.</strong></span> <span class='ocrx_word' id='word_1_284' title='bbox 744 2106 780 2130; x_wconf 87' lang='lat' dir='ltr'><strong>v.</strong></span> <span class='ocrx_word' id='word_1_285' title='bbox 812 2095 908 2131; x_wconf 80' lang='lat'><strong>1208.</strong></span> <span class='ocrx_word' id='word_1_286' title='bbox 1671 2098 1795 2129; x_wconf 79' lang='grc' dir='ltr'>παίσει</span> <span class='ocrx_word' id='word_1_287' title='bbox 1818 2093 1908 2141; x_wconf 83' lang='grc' dir='ltr'><strong><em>πρὸς</em></strong></span> <span class='ocrx_word' id='word_1_288' title='bbox 1930 2087 2042 2141; x_wconf 77' lang='grc' dir='ltr'><strong><em>ἧπαρ,</em></strong></span> <span class='ocrx_word' id='word_1_289' title='bbox 2068 2093 2155 2130; x_wconf 79' lang='grc' dir='ltr'><strong><em>οὐδὲ</em></strong></span> <span class='ocrx_word' id='word_1_290' title='bbox 2179 2095 2252 2131; x_wconf 82' lang='grc' dir='ltr'><strong>τῶν</strong></span> <span class='ocrx_word' id='word_1_291' title='bbox 2274 2092 2397 2131; x_wconf 71' lang='grc' dir='ltr'><strong><em>ἄλλων</em></strong></span> <span class='ocrx_word' id='word_1_292' title='bbox 2417 2095 2561 2141; x_wconf 78' lang='grc' dir='ltr'><strong><em>βροτῶν</em></strong></span> 
     </span>
     <span class='ocr_line' id='line_1_26' title="bbox 442 2147 2480 2198; baseline 0 -13"><span class='ocrx_word' id='word_1_293' title='bbox 442 2152 560 2191; x_wconf 77' lang='grc' dir='ltr'><strong><em>καλῶς</em></strong></span> <span class='ocrx_word' id='word_1_294' title='bbox 581 2149 625 2186; x_wconf 77' lang='grc' dir='ltr'><strong><em>τὰ</em></strong></span> <span class='ocrx_word' id='word_1_295' title='bbox 648 2152 722 2187; x_wconf 83' lang='grc' dir='ltr'><strong>τῶν</strong></span> <span class='ocrx_word' id='word_1_296' title='bbox 743 2152 843 2187; x_wconf 77' lang='grc' dir='ltr'><strong><em>θεῶν</em></strong></span> <span class='ocrx_word' id='word_1_297' title='bbox 866 2152 926 2186; x_wconf 79' lang='grc' dir='ltr'><strong>καὶ</strong></span> <span class='ocrx_word' id='word_1_298' title='bbox 949 2150 994 2187; x_wconf 74' lang='grc' dir='ltr'><strong><em>τὰ</em></strong></span> <span class='ocrx_word' id='word_1_299' title='bbox 1018 2153 1079 2195; x_wconf 82' lang='grc' dir='ltr'><strong><em>τῆς</em></strong></span> <span class='ocrx_word' id='word_1_300' title='bbox 1100 2148 1207 2198; x_wconf 76' lang='grc' dir='ltr'><strong><em>τύχης</em></strong></span> <span class='ocrx_word' id='word_1_301' title='bbox 1230 2152 1316 2198; x_wconf 77' lang='grc' dir='ltr'><strong><em>ἔχει.</em></strong></span> <span class='ocrx_word' id='word_1_302' title='bbox 1671 2149 1735 2185; x_wconf 87' lang='grc' dir='ltr'><strong>τὸν</strong></span> <span class='ocrx_word' id='word_1_303' title='bbox 1758 2147 1900 2191; x_wconf 71' lang='grc' dir='ltr'><strong><em>ἄδικον,</em></strong></span> <span class='ocrx_word' id='word_1_304' title='bbox 1924 2148 2017 2184; x_wconf 75' lang='grc' dir='ltr'><strong><em>ἀλλὰ</em></strong></span> <span class='ocrx_word' id='word_1_305' title='bbox 2042 2153 2131 2196; x_wconf 81' lang='grc' dir='ltr'><strong><em>σῖγα</em></strong></span> <span class='ocrx_word' id='word_1_306' title='bbox 2154 2152 2215 2185; x_wconf 78' lang='grc' dir='ltr'><strong>καὶ</strong></span> <span class='ocrx_word' id='word_1_307' title='bbox 2235 2149 2370 2197; x_wconf 77' lang='grc' dir='ltr'><strong><em>βραδεῖ</em></strong></span> <span class='ocrx_word' id='word_1_308' title='bbox 2389 2150 2480 2185; x_wconf 80' lang='grc' dir='ltr'><strong><em>ποδὶ</em></strong></span> 
     </span>
     <span class='ocr_line' id='line_1_27' title="bbox 577 2205 2538 2254; baseline 0.001 -12"><span class='ocrx_word' id='word_1_309' title='bbox 577 2206 662 2242; x_wconf 81' lang='lat' dir='ltr'><strong>Jou.</strong></span> <span class='ocrx_word' id='word_1_310' title='bbox 688 2217 724 2242; x_wconf 81' lang='lat' dir='ltr'><strong>v.</strong></span> <span class='ocrx_word' id='word_1_311' title='bbox 752 2206 851 2241; x_wconf 76' lang='lat'><strong>1³74.</strong></span> <span class='ocrx_word' id='word_1_312' title='bbox 1671 2210 1864 2252; x_wconf 77' lang='grc' dir='ltr'><em>στείχουσα</em></span> <span class='ocrx_word' id='word_1_313' title='bbox 1885 2205 2028 2254; x_wconf 73' lang='grc' dir='ltr'><strong><em>μάρψει</em></strong></span> <span class='ocrx_word' id='word_1_314' title='bbox 2051 2206 2134 2246; x_wconf 63' lang='grc' dir='ltr'><strong>τούς</strong></span> <span class='ocrx_word' id='word_1_315' title='bbox 2156 2206 2299 2251; x_wconf 76' lang='grc' dir='ltr'><strong><em>κακοὺς,</em></strong></span> <span class='ocrx_word' id='word_1_316' title='bbox 2326 2206 2414 2243; x_wconf 84' lang='grc' dir='ltr'><strong><em>ὅταν</em></strong></span> <span class='ocrx_word' id='word_1_317' title='bbox 2435 2205 2538 2254; x_wconf 77' lang='grc' dir='ltr'><strong><em>τύχῃ.</em></strong></span> 
     </span>
     <span class='ocr_line' id='line_1_28' title="bbox 440 2261 1320 2311; baseline 0 -13"><span class='ocrx_word' id='word_1_318' title='bbox 440 2263 485 2298; x_wconf 72' lang='grc' dir='ltr'><strong><em>τὰ</em></strong></span> <span class='ocrx_word' id='word_1_319' title='bbox 511 2265 576 2298; x_wconf 86' lang='grc' dir='ltr'><strong>τοῦ</strong></span> <span class='ocrx_word' id='word_1_320' title='bbox 600 2263 695 2298; x_wconf 73' lang='grc' dir='ltr'><strong><em>θεοῦ</em></strong></span> <span class='ocrx_word' id='word_1_321' title='bbox 715 2264 788 2311; x_wconf 70' lang='grc' dir='ltr'><strong><em>μὲν</em></strong></span> <span class='ocrx_word' id='word_1_322' title='bbox 805 2261 959 2311; x_wconf 72' lang='grc' dir='ltr'><strong><em>χρηστά·</em></strong></span> <span class='ocrx_word' id='word_1_323' title='bbox 983 2266 1049 2299; x_wconf 87' lang='grc' dir='ltr'><strong>τοῦ</strong></span> <span class='ocrx_word' id='word_1_324' title='bbox 1075 2264 1116 2300; x_wconf 77' lang='grc' dir='ltr'><strong>δὲ</strong></span> <span class='ocrx_word' id='word_1_325' title='bbox 1141 2263 1320 2311; x_wconf 76' lang='grc' dir='ltr'><strong><em>δαίμονος</em></strong></span> 
     </span>
     <span class='ocr_line' id='line_1_29' title="bbox 383 2330 2102 2379; baseline 0.001 -13"><span class='ocrx_word' id='word_1_326' title='bbox 383 2331 413 2375; x_wconf 88' lang='lat'><strong>²)</strong></span> <span class='ocrx_word' id='word_1_327' title='bbox 580 2330 706 2379; x_wconf 86' lang='lat' dir='ltr'><strong>Suppl.</strong></span> <span class='ocrx_word' id='word_1_328' title='bbox 732 2343 768 2366; x_wconf 91' lang='lat' dir='ltr'><strong>v.</strong></span> <span class='ocrx_word' id='word_1_329' title='bbox 793 2331 873 2366; x_wconf 80' lang='lat'><strong>222.</strong></span> <span class='ocrx_word' id='word_1_330' title='bbox 1804 2330 1912 2378; x_wconf 81' lang='lat' dir='ltr'><strong>Bipp.</strong></span> <span class='ocrx_word' id='word_1_331' title='bbox 1938 2343 1974 2367; x_wconf 87' lang='lat' dir='ltr'><strong>v.</strong></span> <span class='ocrx_word' id='word_1_332' title='bbox 2004 2330 2102 2368; x_wconf 76' lang='lat'><strong>¹380.</strong></span> 
     </span>
     <span class='ocr_line' id='line_1_30' title="bbox 645 2385 2140 2436; baseline -0.001 -12"><span class='ocrx_word' id='word_1_333' title='bbox 645 2416 732 2425; x_wconf 84' lang='grc'><strong>......</strong></span> <span class='ocrx_word' id='word_1_334' title='bbox 746 2390 845 2435; x_wconf 85' lang='grc' dir='ltr'><strong><em>χρῆν</em></strong></span> <span class='ocrx_word' id='word_1_335' title='bbox 867 2385 940 2436; x_wconf 70' lang='grc' dir='ltr'><strong>γὰρ</strong></span> <span class='ocrx_word' id='word_1_336' title='bbox 964 2386 1044 2424; x_wconf 78' lang='grc' dir='ltr'><strong><em>οὔτε</em></strong></span> <span class='ocrx_word' id='word_1_337' title='bbox 1069 2385 1219 2436; x_wconf 79' lang='grc' dir='ltr'><strong><em>σώματα</em></strong></span> <span class='ocrx_word' id='word_1_338' title='bbox 1669 2388 1837 2423; x_wconf 81' lang='grc' dir='ltr'><strong><em>παλαιῶν</em></strong></span> <span class='ocrx_word' id='word_1_339' title='bbox 1859 2385 2140 2436; x_wconf 81' lang='grc' dir='ltr'><strong><em>προγενητόρων</em></strong></span> 
     </span>
     <span class='ocr_line' id='line_1_31' title="bbox 440 2441 2281 2493; baseline 0.001 -15"><span class='ocrx_word' id='word_1_340' title='bbox 440 2441 552 2479; x_wconf 74' lang='grc' dir='ltr'><strong><em>ι’ίδικα</em></strong></span> <span class='ocrx_word' id='word_1_341' title='bbox 576 2444 731 2484; x_wconf 78' lang='grc' dir='ltr'><strong><em>δικαίοις</em></strong></span> <span class='ocrx_word' id='word_1_342' title='bbox 752 2443 818 2480; x_wconf 84' lang='grc' dir='ltr'><strong>τὸν</strong></span> <span class='ocrx_word' id='word_1_343' title='bbox 840 2444 964 2492; x_wconf 83' lang='grc' dir='ltr'><strong><em>σοφὸν</em></strong></span> <span class='ocrx_word' id='word_1_344' title='bbox 986 2442 1252 2492; x_wconf 79' lang='grc' dir='ltr'><em>συμμιγνύναι,</em></span> <span class='ocrx_word' id='word_1_345' title='bbox 1668 2443 1858 2490; x_wconf 71' lang='grc' dir='ltr'><strong><em>ἰξορίζεται</em></strong></span> <span class='ocrx_word' id='word_1_346' title='bbox 1882 2443 2009 2487; x_wconf 79' lang='grc' dir='ltr'><strong><em>κακὸν,</em></strong></span> <span class='ocrx_word' id='word_1_347' title='bbox 2033 2443 2121 2480; x_wconf 78' lang='grc' dir='ltr'><strong><em>οὐδὲ</em></strong></span> <span class='ocrx_word' id='word_1_348' title='bbox 2144 2446 2281 2493; x_wconf 74' lang='grc' dir='ltr'><strong><em>μέλλει·</em></strong></span> 
     </span>
     <span class='ocr_line' id='line_1_32' title="bbox 438 2498 2394 2549; baseline 0.001 -14"><span class='ocrx_word' id='word_1_349' title='bbox 438 2499 753 2547; x_wconf 76' lang='grc' dir='ltr'><strong><em>εὐδαιμονοῦντας</em></strong></span> <span class='ocrx_word' id='word_1_350' title='bbox 775 2499 812 2535; x_wconf 85' lang='grc' dir='ltr'><strong>δ’</strong></span> <span class='ocrx_word' id='word_1_351' title='bbox 839 2501 891 2540; x_wconf 67' lang='grc' dir='ltr'><strong>εἷς</strong></span> <span class='ocrx_word' id='word_1_352' title='bbox 913 2498 1055 2547; x_wconf 82' lang='grc' dir='ltr'><strong><em>φόβους</em></strong></span> <span class='ocrx_word' id='word_1_353' title='bbox 1076 2502 1236 2536; x_wconf 74' lang='grc' dir='ltr'><strong><em>κτᾶσθαι</em></strong></span> <span class='ocrx_word' id='word_1_354' title='bbox 1259 2502 1402 2548; x_wconf 72' lang='grc' dir='ltr'><strong><em>φίλους.</em></strong></span> <span class='ocrx_word' id='word_1_355' title='bbox 1665 2498 1806 2548; x_wconf 73' lang='grc' dir='ltr'><strong><em>ἐμόλετ’</em></strong></span> <span class='ocrx_word' id='word_1_356' title='bbox 1835 2500 1894 2536; x_wconf 76' lang='grc' dir='ltr'><strong>ἐπ’</strong></span> <span class='ocrx_word' id='word_1_357' title='bbox 1923 2500 2001 2549; x_wconf 66' lang='grc' dir='ltr'><strong>ἐμέ.</strong></span> <span class='ocrx_word' id='word_1_358' title='bbox 2027 2505 2064 2536; x_wconf 81' lang='grc' dir='ltr'><strong><em>τί</em></strong></span> <span class='ocrx_word' id='word_1_359' title='bbox 2084 2513 2172 2537; x_wconf 83' lang='grc' dir='ltr'><strong><em>ποτε</em></strong></span> <span class='ocrx_word' id='word_1_360' title='bbox 2195 2501 2260 2537; x_wconf 86' lang='grc' dir='ltr'><strong>τὸν</strong></span> <span class='ocrx_word' id='word_1_361' title='bbox 2282 2500 2394 2538; x_wconf 77' lang='grc' dir='ltr'><strong><em>οὐδὲν</em></strong></span> 
     </span>
     <span class='ocr_line' id='line_1_33' title="bbox 437 2553 2100 2603; baseline 0.001 -13"><span class='ocrx_word' id='word_1_362' title='bbox 437 2554 565 2594; x_wconf 73' lang='grc' dir='ltr'><strong><em>κοινὰς</em></strong></span> <span class='ocrx_word' id='word_1_363' title='bbox 586 2554 660 2602; x_wconf 76' lang='grc' dir='ltr'><strong>γάρ</strong></span> <span class='ocrx_word' id='word_1_364' title='bbox 684 2554 704 2590; x_wconf 87' lang='grc' dir='ltr'><strong>ὁ</strong></span> <span class='ocrx_word' id='word_1_365' title='bbox 729 2555 814 2595; x_wconf 73' lang='grc' dir='ltr'><strong><em>θεὸς</em></strong></span> <span class='ocrx_word' id='word_1_366' title='bbox 835 2555 898 2595; x_wconf 79' lang='grc' dir='ltr'><strong><em>τὰς</em></strong></span> <span class='ocrx_word' id='word_1_367' title='bbox 919 2553 1029 2601; x_wconf 82' lang='grc' dir='ltr'><strong><em>τύχας</em></strong></span> <span class='ocrx_word' id='word_1_368' title='bbox 1050 2554 1264 2603; x_wconf 80' lang='grc' dir='ltr'><strong><em>ἡγούμενος,</em></strong></span> <span class='ocrx_word' id='word_1_369' title='bbox 1666 2554 1740 2592; x_wconf 77' lang='grc' dir='ltr'><strong><em>ὅντ’</em></strong></span> <span class='ocrx_word' id='word_1_370' title='bbox 1769 2557 1936 2593; x_wconf 74' lang='grc' dir='ltr'><strong><em>ἐπαίτιον</em></strong></span> <span class='ocrx_word' id='word_1_371' title='bbox 1957 2560 2100 2598; x_wconf 77' lang='grc' dir='ltr'><strong><em>κακῶν,-</em></strong></span> 
     </span>
     <span class='ocr_line' id='line_1_34' title="bbox 436 2610 2149 2660; baseline 0.001 -13"><span class='ocrx_word' id='word_1_372' title='bbox 436 2616 512 2653; x_wconf 83' lang='grc' dir='ltr'><strong><em>τοῖς</em></strong></span> <span class='ocrx_word' id='word_1_373' title='bbox 533 2615 600 2648; x_wconf 87' lang='grc' dir='ltr'><strong>τοῦ</strong></span> <span class='ocrx_word' id='word_1_374' title='bbox 624 2614 823 2652; x_wconf 84' lang='grc' dir='ltr'><strong><em>νοσοῦντος</em></strong></span> <span class='ocrx_word' id='word_1_375' title='bbox 846 2610 1014 2660; x_wconf 79' lang='grc' dir='ltr'><strong><em>πήμασιν</em></strong></span> <span class='ocrx_word' id='word_1_376' title='bbox 1037 2611 1210 2648; x_wconf 77' lang='grc' dir='ltr'><strong>διώλεσεν</strong></span> <span class='ocrx_word' id='word_1_377' title='bbox 1798 2613 1907 2650; x_wconf 80' lang='lat' dir='ltr'><strong>Herc.</strong></span> <span class='ocrx_word' id='word_1_378' title='bbox 1934 2612 1960 2650; x_wconf 80' lang='lat' dir='ltr'><strong>s.</strong></span> <span class='ocrx_word' id='word_1_379' title='bbox 1984 2626 2019 2649; x_wconf 90' lang='lat' dir='ltr'><strong>v.</strong></span> <span class='ocrx_word' id='word_1_380' title='bbox 2049 2613 2149 2649; x_wconf 73' lang='lat'><strong>1261.</strong></span> 
     </span>
     <span class='ocr_line' id='line_1_35' title="bbox 435 2666 2605 2719; baseline 0 -12"><span class='ocrx_word' id='word_1_381' title='bbox 435 2668 502 2707; x_wconf 83' lang='grc' dir='ltr'><strong>τὸν</strong></span> <span class='ocrx_word' id='word_1_382' title='bbox 524 2671 778 2707; x_wconf 79' lang='grc' dir='ltr'><strong><em>συννοσοῦντα</em></strong></span> <span class='ocrx_word' id='word_1_383' title='bbox 800 2668 938 2706; x_wconf 72' lang='grc' dir='ltr'><strong><em>κούδὲν</em></strong></span> <span class='ocrx_word' id='word_1_384' title='bbox 959 2666 1168 2714; x_wconf 80' lang='grc' dir='ltr'><strong><em>ἠδικηκότα.</em></strong></span> <span class='ocrx_word' id='word_1_385' title='bbox 1667 2671 1813 2715; x_wconf 82' lang='grc' dir='ltr'><strong><em>πρῶτον</em></strong></span> <span class='ocrx_word' id='word_1_386' title='bbox 1834 2670 1906 2719; x_wconf 80' lang='grc' dir='ltr'><strong>μὲν</strong></span> <span class='ocrx_word' id='word_1_387' title='bbox 1929 2669 1969 2705; x_wconf 68' lang='grc' dir='ltr'><strong>ἐκ</strong></span> <span class='ocrx_word' id='word_1_388' title='bbox 1992 2669 2096 2706; x_wconf 79' lang='grc' dir='ltr'><strong><em>τοῦδ’</em></strong></span> <span class='ocrx_word' id='word_1_389' title='bbox 2125 2667 2319 2719; x_wconf 69' lang='grc' dir='ltr'><strong><em>ἐγενόμην,</em></strong></span> <span class='ocrx_word' id='word_1_390' title='bbox 2344 2667 2441 2711; x_wconf 81' lang='grc' dir='ltr'><strong><em>ὅστις</em></strong></span> <span class='ocrx_word' id='word_1_391' title='bbox 2463 2669 2605 2709; x_wconf 78' lang='grc' dir='ltr'><strong><em>κτανών</em></strong></span> 
     </span>
     <span class='ocr_line' id='line_1_36' title="bbox 572 2725 2523 2777; baseline 0.001 -14"><span class='ocrx_word' id='word_1_392' title='bbox 572 2727 785 2764; x_wconf 76' lang='lat' dir='ltr'><strong>Alcmaeon.</strong></span> <span class='ocrx_word' id='word_1_393' title='bbox 811 2725 857 2764; x_wconf 77' lang='lat' dir='ltr'><strong>fr.</strong></span> <span class='ocrx_word' id='word_1_394' title='bbox 879 2725 979 2765; x_wconf 75' lang='lat' dir='ltr'><strong>xvi.</strong></span> <span class='ocrx_word' id='word_1_395' title='bbox 1660 2727 1794 2777; x_wconf 79' lang='grc' dir='ltr'><strong><em>μητρὸς</em></strong></span> <span class='ocrx_word' id='word_1_396' title='bbox 1817 2726 1968 2777; x_wconf 79' lang='grc' dir='ltr'><strong><em>γεραιὸν</em></strong></span> <span class='ocrx_word' id='word_1_397' title='bbox 1992 2729 2142 2777; x_wconf 72' lang='grc' dir='ltr'><strong><em>πατέρα,</em></strong></span> <span class='ocrx_word' id='word_1_398' title='bbox 2166 2726 2438 2777; x_wconf 81' lang='grc' dir='ltr'><strong><em>προστρόπαιος</em></strong></span> <span class='ocrx_word' id='word_1_399' title='bbox 2459 2727 2523 2775; x_wconf 71' lang='grc' dir='ltr'><strong><em>ὢν,</em></strong></span> 
     </span>
     <span class='ocr_line' id='line_1_37' title="bbox 437 2780 2384 2833; baseline 0.001 -15"><span class='ocrx_word' id='word_1_400' title='bbox 437 2781 480 2818; x_wconf 79' lang='grc' dir='ltr'><strong><em>τὰ</em></strong></span> <span class='ocrx_word' id='word_1_401' title='bbox 503 2783 577 2818; x_wconf 84' lang='grc' dir='ltr'><strong>τῶν</strong></span> <span class='ocrx_word' id='word_1_402' title='bbox 597 2780 776 2818; x_wconf 74' lang='grc' dir='ltr'><strong><em>τεκόντων</em></strong></span> <span class='ocrx_word' id='word_1_403' title='bbox 798 2780 846 2821; x_wconf 84' lang='grc' dir='ltr'><strong>ὠς</strong></span> <span class='ocrx_word' id='word_1_404' title='bbox 868 2784 1073 2832; x_wconf 74' lang='grc' dir='ltr'><strong><em>μετέρχεται</em></strong></span> <span class='ocrx_word' id='word_1_405' title='bbox 1101 2782 1186 2821; x_wconf 75' lang='grc' dir='ltr'><strong><em>θεὸς</em></strong></span> <span class='ocrx_word' id='word_1_406' title='bbox 1662 2786 1773 2831; x_wconf 80' lang='grc' dir='ltr'><strong><em>ἔγημε</em></strong></span> <span class='ocrx_word' id='word_1_407' title='bbox 1797 2783 1862 2828; x_wconf 89' lang='grc' dir='ltr'><strong>τὴν</strong></span> <span class='ocrx_word' id='word_1_408' title='bbox 1883 2785 2064 2819; x_wconf 76' lang='grc' dir='ltr'><strong><em>τεκοῦσαν</em></strong></span> <span class='ocrx_word' id='word_1_409' title='bbox 2080 2783 2285 2832; x_wconf 75' lang='grc' dir='ltr'><strong><em>Ἀλκμήνην</em></strong></span> <span class='ocrx_word' id='word_1_410' title='bbox 2307 2786 2384 2833; x_wconf 68' lang='grc' dir='ltr'><strong><em>ἐμέ.</em></strong></span> 
     </span>
     <span class='ocr_line' id='line_1_38' title="bbox 434 2837 2431 2890; baseline 0.002 -16"><span class='ocrx_word' id='word_1_411' title='bbox 434 2837 640 2886; x_wconf 66' lang='grc' dir='ltr'><strong><em>μιάσματα.</em></strong></span> <span class='ocrx_word' id='word_1_412' title='bbox 1662 2839 1750 2878; x_wconf 84' lang='grc' dir='ltr'><strong><em>ὅταν</em></strong></span> <span class='ocrx_word' id='word_1_413' title='bbox 1772 2841 1814 2877; x_wconf 76' lang='grc' dir='ltr'><strong>δὲ</strong></span> <span class='ocrx_word' id='word_1_414' title='bbox 1838 2842 1969 2887; x_wconf 76' lang='grc' dir='ltr'><strong><em>κρηπὶς</em></strong></span> <span class='ocrx_word' id='word_1_415' title='bbox 1990 2840 2042 2889; x_wconf 85' lang='grc' dir='ltr'><strong>μὴ</strong></span> <span class='ocrx_word' id='word_1_416' title='bbox 2065 2844 2278 2890; x_wconf 68' lang='grc' dir='ltr'><strong><em>καταβληθῇ</em></strong></span> <span class='ocrx_word' id='word_1_417' title='bbox 2301 2845 2431 2889; x_wconf 78' lang='grc' dir='ltr'><strong><em>γένους</em></strong></span> 
     </span>
    </p>
   </div>
   <div class='ocr_carea' id='block_1_7' title="bbox 371 2894 2747 3232">
    <p class='ocr_par' dir='ltr' id='par_1_7' title="bbox 371 2894 2747 3232">
     <span class='ocr_line' id='line_1_39' title="bbox 1661 2894 2488 2945; baseline 0 -11"><span class='ocrx_word' id='word_1_418' title='bbox 1661 2895 1792 2945; x_wconf 72' lang='grc' dir='ltr'><strong><em>ὀρθῶς,</em></strong></span> <span class='ocrx_word' id='word_1_419' title='bbox 1815 2894 1958 2944; x_wconf 74' lang='grc' dir='ltr'><strong><em>ἀνάγκη</em></strong></span> <span class='ocrx_word' id='word_1_420' title='bbox 1981 2896 2175 2944; x_wconf 74' lang='grc' dir='ltr'><strong><em>δυστυχεῖν</em></strong></span> <span class='ocrx_word' id='word_1_421' title='bbox 2196 2896 2280 2938; x_wconf 79' lang='grc' dir='ltr'><strong><em>τοὺς</em></strong></span> <span class='ocrx_word' id='word_1_422' title='bbox 2302 2896 2488 2945; x_wconf 65' lang='grc' dir='ltr'><strong><em>ἐκγόνους.</em></strong></span> 
     </span>
     <span class='ocr_line' id='line_1_40' title="bbox 376 2942 796 2987; baseline -0.005 -9"><span class='ocrx_word' id='word_1_423' title='bbox 376 2943 409 2987; x_wconf 85' lang='lat'><strong>³)</strong></span> <span class='ocrx_word' id='word_1_424' title='bbox 435 2943 482 2978; x_wconf 76' lang='lat' dir='ltr'><strong>cf.</strong></span> <span class='ocrx_word' id='word_1_425' title='bbox 507 2942 627 2978; x_wconf 75' lang='lat' dir='ltr'><strong>orest.</strong></span> <span class='ocrx_word' id='word_1_426' title='bbox 652 2954 689 2977; x_wconf 90' lang='lat' dir='ltr'><strong>v.</strong></span> <span class='ocrx_word' id='word_1_427' title='bbox 715 2943 796 2977; x_wconf 81' lang='lat'><strong>389.</strong></span> 
     </span>
     <span class='ocr_line' id='line_1_41' title="bbox 433 2996 2747 3050; baseline -0 -14"><span class='ocrx_word' id='word_1_428' title='bbox 433 2998 572 3037; x_wconf 67' lang='lat' dir='ltr'><strong>Metel.</strong></span> <span class='ocrx_word' id='word_1_429' title='bbox 595 3003 635 3036; x_wconf 76' lang='grc' dir='ltr'><strong><em>τί</em></strong></span> <span class='ocrx_word' id='word_1_430' title='bbox 649 3001 779 3048; x_wconf 86' lang='grc' dir='ltr'><strong><em>χρῆμα</em></strong></span> <span class='ocrx_word' id='word_1_431' title='bbox 803 2996 973 3045; x_wconf 64' lang='lat' dir='ltr'><strong>adulas-3</strong></span> <span class='ocrx_word' id='word_1_432' title='bbox 996 3003 1047 3038; x_wconf 79' lang='grc' dir='ltr'><strong><em>τίς</em></strong></span> <span class='ocrx_word' id='word_1_433' title='bbox 1070 2998 1107 3033; x_wconf 79' lang='grc' dir='ltr'><strong><em>σ’</em></strong></span> <span class='ocrx_word' id='word_1_434' title='bbox 1135 2996 1343 3035; x_wconf 74' lang='grc' dir='ltr'><strong><em>ἀπόλλυσιν</em></strong></span> <span class='ocrx_word' id='word_1_435' title='bbox 1365 2996 1494 3041; x_wconf 64' lang='lat' dir='ltr'><strong>midos-5</strong></span> <span class='ocrx_word' id='word_1_436' title='bbox 1661 2999 1797 3035; x_wconf 84' lang='lat' dir='ltr'><strong>Menel.</strong></span> <span class='ocrx_word' id='word_1_437' title='bbox 1823 3002 1899 3041; x_wconf 81' lang='grc' dir='ltr'><strong>πῶς</strong></span> <span class='ocrx_word' id='word_1_438' title='bbox 1915 2997 2006 3050; x_wconf 55' lang='grc' dir='ltr'><strong>φῄς</strong></span> <span class='ocrx_word' id='word_1_439' title='bbox 2023 2997 2146 3048; x_wconf 83' lang='grc' dir='ltr'><strong><em>σοφόν</em></strong></span> <span class='ocrx_word' id='word_1_440' title='bbox 2161 3013 2214 3036; x_wconf 80' lang='grc' dir='ltr'><strong>τοι</strong></span> <span class='ocrx_word' id='word_1_441' title='bbox 2233 2999 2276 3035; x_wconf 85' lang='grc' dir='ltr'><strong><em>τὸ</em></strong></span> <span class='ocrx_word' id='word_1_442' title='bbox 2292 2999 2421 3048; x_wconf 74' lang='grc' dir='ltr'><strong><em>σαφὲς,</em></strong></span> <span class='ocrx_word' id='word_1_443' title='bbox 2439 2998 2483 3034; x_wconf 82' lang='grc' dir='ltr'><strong><em>οὐ</em></strong></span> <span class='ocrx_word' id='word_1_444' title='bbox 2499 2997 2539 3034; x_wconf 83' lang='grc' dir='ltr'><strong><em>τὸ</em></strong></span> <span class='ocrx_word' id='word_1_445' title='bbox 2554 2997 2607 3048; x_wconf 80' lang='grc' dir='ltr'><strong>μὴ</strong></span> <span class='ocrx_word' id='word_1_446' title='bbox 2620 3000 2747 3047; x_wconf 75' lang='grc' dir='ltr'><strong><em>σαφές.</em></strong></span> 
     </span>
     <span class='ocr_line' id='line_1_42' title="bbox 433 3052 2574 3105; baseline -0.002 -11"><span class='ocrx_word' id='word_1_447' title='bbox 433 3055 556 3094; x_wconf 72' lang='lat' dir='ltr'><strong>Ore-t.</strong></span> <span class='ocrx_word' id='word_1_448' title='bbox 581 3054 604 3101; x_wconf 76' lang='grc' dir='ltr'><strong><em>ἡ</em></strong></span> <span class='ocrx_word' id='word_1_449' title='bbox 629 3054 781 3101; x_wconf 77' lang='grc' dir='ltr'><strong><em>ξύνεσις,</em></strong></span> <span class='ocrx_word' id='word_1_450' title='bbox 807 3053 862 3091; x_wconf 71' lang='grc' dir='ltr'><strong><em>ὅτι</em></strong></span> <span class='ocrx_word' id='word_1_451' title='bbox 885 3052 1045 3091; x_wconf 75' lang='grc' dir='ltr'><strong><em>σύνοιδα</em></strong></span> <span class='ocrx_word' id='word_1_452' title='bbox 1068 3055 1156 3091; x_wconf 76' lang='grc' dir='ltr'><strong><em>δείν’</em></strong></span> <span class='ocrx_word' id='word_1_453' title='bbox 1186 3056 1423 3104; x_wconf 70' lang='grc' dir='ltr'><strong><em>ἐργασμένος.</em></strong></span> <span class='ocrx_word' id='word_1_454' title='bbox 1660 3056 1777 3092; x_wconf 64' lang='lat' dir='ltr'><strong>Orosi.</strong></span> <span class='ocrx_word' id='word_1_455' title='bbox 1803 3055 1901 3100; x_wconf 77' lang='grc' dir='ltr'><strong><em>λύπη</em></strong></span> <span class='ocrx_word' id='word_1_456' title='bbox 1923 3055 2082 3105; x_wconf 66' lang='grc' dir='ltr'><strong><em>μάλιστά</em></strong></span> <span class='ocrx_word' id='word_1_457' title='bbox 2107 3057 2142 3104; x_wconf 86' lang='grc' dir='ltr'><strong>γ’</strong></span> <span class='ocrx_word' id='word_1_458' title='bbox 2170 3055 2193 3099; x_wconf 78' lang='grc' dir='ltr'><em>ἡ</em></span> <span class='ocrx_word' id='word_1_459' title='bbox 2217 3054 2491 3103; x_wconf 70' lang='grc' dir='ltr'><strong><em>διαφθείρουσά</em></strong></span> <span class='ocrx_word' id='word_1_460' title='bbox 2514 3067 2574 3103; x_wconf 77' lang='grc' dir='ltr'><strong>με.</strong></span> 
     </span>
     <span class='ocr_line' id='line_1_43' title="bbox 371 3121 2747 3172; baseline 0 -12"><span class='ocrx_word' id='word_1_461' title='bbox 371 3125 405 3170; x_wconf 76' lang='lat'><strong>⁴)</strong></span> <span class='ocrx_word' id='word_1_462' title='bbox 429 3125 556 3161; x_wconf 82' lang='lat' dir='ltr'><strong>Schol.</strong></span> <span class='ocrx_word' id='word_1_463' title='bbox 580 3124 689 3161; x_wconf 75' lang='lat' dir='ltr'><strong>Pind-</strong></span> <span class='ocrx_word' id='word_1_464' title='bbox 713 3124 823 3160; x_wconf 77' lang='lat' dir='ltr'><strong>Nem.</strong></span> <span class='ocrx_word' id='word_1_465' title='bbox 846 3123 910 3159; x_wconf 86' lang='lat' dir='ltr'><strong>Vl.</strong></span> <span class='ocrx_word' id='word_1_466' title='bbox 936 3123 971 3158; x_wconf 81' lang='grc'><strong>7.</strong></span> <span class='ocrx_word' id='word_1_467' title='bbox 995 3122 1081 3163; x_wconf 76' lang='grc' dir='ltr'><strong><em>θεὸς</em></strong></span> <span class='ocrx_word' id='word_1_468' title='bbox 1102 3121 1176 3170; x_wconf 75' lang='grc' dir='ltr'><strong>γάρ</strong></span> <span class='ocrx_word' id='word_1_469' title='bbox 1199 3137 1250 3164; x_wconf 87' lang='grc' dir='ltr'><strong><em>τις</em></strong></span> <span class='ocrx_word' id='word_1_470' title='bbox 1280 3124 1321 3160; x_wconf 76' lang='grc' dir='ltr'><strong>ἒν</strong></span> <span class='ocrx_word' id='word_1_471' title='bbox 1350 3122 1441 3172; x_wconf 81' lang='grc' dir='ltr'><strong><em>ἡμῖν</em></strong></span> <span class='ocrx_word' id='word_1_472' title='bbox 1470 3123 1560 3159; x_wconf 74' lang='grc' dir='ltr'><strong><em>κατὰ</em></strong></span> <span class='ocrx_word' id='word_1_473' title='bbox 1590 3123 1655 3161; x_wconf 86' lang='grc' dir='ltr'><strong>τὸν</strong></span> <span class='ocrx_word' id='word_1_474' title='bbox 1678 3123 1899 3170; x_wconf 75' lang='grc' dir='ltr'><strong><em>Εὐριπίδην.</em></strong></span> <span class='ocrx_word' id='word_1_475' title='bbox 1923 3145 1969 3153; x_wconf 89' lang='lat'><strong>--</strong></span> <span class='ocrx_word' id='word_1_476' title='bbox 1992 3126 2109 3161; x_wconf 71' lang='lat' dir='ltr'><strong>Cicoe.</strong></span> <span class='ocrx_word' id='word_1_477' title='bbox 2135 3125 2280 3160; x_wconf 76' lang='lat' dir='ltr'><strong>Tuscul.</strong></span> <span class='ocrx_word' id='word_1_478' title='bbox 2307 3124 2334 3161; x_wconf 87' lang='grc' dir='ltr'><strong>Ι.</strong></span> <span class='ocrx_word' id='word_1_479' title='bbox 2360 3125 2417 3161; x_wconf 77' lang='lat'><strong>2⁰.</strong></span> <span class='ocrx_word' id='word_1_480' title='bbox 2465 3125 2563 3169; x_wconf 67' lang='lat' dir='ltr'><strong>Ergo</strong></span> <span class='ocrx_word' id='word_1_481' title='bbox 2596 3124 2747 3168; x_wconf 68' lang='lat' dir='ltr'><strong>ani-aut,</strong></span> 
     </span>
     <span class='ocr_line' id='line_1_44' title="bbox 432 3180 2272 3232; baseline 0.002 -14"><span class='ocrx_word' id='word_1_482' title='bbox 432 3190 471 3218; x_wconf 87' lang='lat' dir='ltr'><strong>ut</strong></span> <span class='ocrx_word' id='word_1_483' title='bbox 495 3195 565 3229; x_wconf 79' lang='lat' dir='ltr'><strong>ego</strong></span> <span class='ocrx_word' id='word_1_484' title='bbox 589 3183 691 3227; x_wconf 88' lang='lat' dir='ltr'><strong>dico,</strong></span> <span class='ocrx_word' id='word_1_485' title='bbox 717 3182 860 3220; x_wconf 79' lang='lat' dir='ltr'><strong>divinus</strong></span> <span class='ocrx_word' id='word_1_486' title='bbox 885 3188 957 3226; x_wconf 67' lang='grc' dir='ltr'><strong>θεας</strong></span> <span class='ocrx_word' id='word_1_487' title='bbox 982 3188 1020 3218; x_wconf 88' lang='lat' dir='ltr'><strong>ut</strong></span> <span class='ocrx_word' id='word_1_488' title='bbox 1042 3180 1231 3229; x_wconf 76' lang='lat' dir='ltr'><strong>Euripides</strong></span> <span class='ocrx_word' id='word_1_489' title='bbox 1254 3182 1363 3219; x_wconf 83' lang='lat' dir='ltr'><strong>audet</strong></span> <span class='ocrx_word' id='word_1_490' title='bbox 1387 3182 1525 3227; x_wconf 81' lang='lat' dir='ltr'><strong>dicere,</strong></span> <span class='ocrx_word' id='word_1_491' title='bbox 1551 3182 1652 3219; x_wconf 85' lang='lat' dir='ltr'><strong>deus.</strong></span> <span class='ocrx_word' id='word_1_492' title='bbox 1677 3203 1721 3210; x_wconf 88' lang='lat'>—</span> <span class='ocrx_word' id='word_1_493' title='bbox 1745 3182 1789 3219; x_wconf 80' lang='lat' dir='ltr'><strong>cf.</strong></span> <span class='ocrx_word' id='word_1_494' title='bbox 1820 3182 1996 3220; x_wconf 85' lang='lat' dir='ltr'><strong>Valcken.</strong></span> <span class='ocrx_word' id='word_1_495' title='bbox 2021 3183 2046 3221; x_wconf 89' lang='grc'><strong>1.</strong></span> <span class='ocrx_word' id='word_1_496' title='bbox 2072 3195 2106 3221; x_wconf 90' lang='lat' dir='ltr'><strong>c.</strong></span> <span class='ocrx_word' id='word_1_497' title='bbox 2130 3194 2168 3232; x_wconf 89' lang='lat' dir='ltr'><strong>p.</strong></span> <span class='ocrx_word' id='word_1_498' title='bbox 2191 3180 2272 3220; x_wconf 77' lang='lat'><strong>238.</strong></span> 
     </span>
    </p>
   </div>
   <div class='ocr_carea' id='block_1_8' title="bbox 371 3248 2746 3355">
    <p class='ocr_par' dir='ltr' id='par_1_8' title="bbox 371 3248 2746 3355">
     <span class='ocr_line' id='line_1_45' title="bbox 371 3248 2746 3300; baseline -0.001 -12"><span class='ocrx_word' id='word_1_499' title='bbox 371 3249 404 3296; x_wconf 83' lang='lat'><strong>⁸)</strong></span> <span class='ocrx_word' id='word_1_500' title='bbox 426 3249 507 3288; x_wconf 82' lang='lat' dir='ltr'><strong>Jam</strong></span> <span class='ocrx_word' id='word_1_501' title='bbox 531 3250 658 3288; x_wconf 78' lang='lat' dir='ltr'><strong>audias</strong></span> <span class='ocrx_word' id='word_1_502' title='bbox 681 3250 805 3295; x_wconf 85' lang='lat' dir='ltr'><strong>velim,</strong></span> <span class='ocrx_word' id='word_1_503' title='bbox 829 3261 937 3298; x_wconf 83' lang='lat' dir='ltr'><strong>quam</strong></span> <span class='ocrx_word' id='word_1_504' title='bbox 959 3261 1087 3299; x_wconf 85' lang='lat' dir='ltr'><strong>parum</strong></span> <span class='ocrx_word' id='word_1_505' title='bbox 1109 3255 1214 3287; x_wconf 85' lang='lat' dir='ltr'><strong>acute</strong></span> <span class='ocrx_word' id='word_1_506' title='bbox 1238 3250 1285 3287; x_wconf 88' lang='lat' dir='ltr'><strong>de</strong></span> <span class='ocrx_word' id='word_1_507' title='bbox 1309 3250 1364 3287; x_wconf 81' lang='lat' dir='ltr'><strong>his</strong></span> <span class='ocrx_word' id='word_1_508' title='bbox 1389 3249 1689 3288; x_wconf 83' lang='lat' dir='ltr'><strong>Bouterweckius</strong></span> <span class='ocrx_word' id='word_1_509' title='bbox 1708 3250 1861 3298; x_wconf 87' lang='lat' dir='ltr'><strong>judicet,</strong></span> <span class='ocrx_word' id='word_1_510' title='bbox 1886 3262 1958 3299; x_wconf 91' lang='lat' dir='ltr'><strong>quo</strong></span> <span class='ocrx_word' id='word_1_511' title='bbox 1982 3251 2068 3299; x_wconf 89' lang='lat' dir='ltr'><strong>quid</strong></span> <span class='ocrx_word' id='word_1_512' title='bbox 2099 3250 2167 3288; x_wconf 86' lang='lat' dir='ltr'><strong>sibi</strong></span> <span class='ocrx_word' id='word_1_513' title='bbox 2198 3250 2355 3289; x_wconf 85' lang='lat' dir='ltr'><strong>voluerit</strong></span> <span class='ocrx_word' id='word_1_514' title='bbox 2377 3248 2614 3300; x_wconf 79' lang='lat' dir='ltr'><strong>philosophus</strong></span> <span class='ocrx_word' id='word_1_515' title='bbox 2637 3260 2746 3286; x_wconf 86' lang='lat' dir='ltr'><strong>nemo</strong></span> 
     </span>
     <span class='ocr_line' id='line_1_46' title="bbox 432 3307 2746 3355; baseline 0 -14"><span class='ocrx_word' id='word_1_516' title='bbox 432 3307 549 3342; x_wconf 75' lang='lat' dir='ltr'><strong>minus</strong></span> <span class='ocrx_word' id='word_1_517' title='bbox 571 3307 764 3344; x_wconf 80' lang='lat' dir='ltr'><strong>intellexit.</strong></span> <span class='ocrx_word' id='word_1_518' title='bbox 814 3307 912 3343; x_wconf 83' lang='lat' dir='ltr'><strong>Certi</strong></span> <span class='ocrx_word' id='word_1_519' title='bbox 946 3308 1053 3350; x_wconf 82' lang='lat' dir='ltr'><strong>nihil,</strong></span> <span class='ocrx_word' id='word_1_520' title='bbox 1085 3308 1215 3353; x_wconf 76' lang='lat' dir='ltr'><strong>inquit,</strong></span> <span class='ocrx_word' id='word_1_521' title='bbox 1239 3307 1444 3355; x_wconf 82' lang='lat' dir='ltr'><strong>Euripidem</strong></span> <span class='ocrx_word' id='word_1_522' title='bbox 1469 3308 1516 3342; x_wconf 86' lang='lat' dir='ltr'><strong>de</strong></span> <span class='ocrx_word' id='word_1_523' title='bbox 1539 3308 1648 3342; x_wconf 82' lang='lat' dir='ltr'><strong>rebus</strong></span> <span class='ocrx_word' id='word_1_524' title='bbox 1673 3309 1801 3342; x_wconf 87' lang='lat' dir='ltr'><strong>divinis</strong></span> <span class='ocrx_word' id='word_1_525' title='bbox 1825 3310 1994 3342; x_wconf 85' lang='lat' dir='ltr'><strong>statuisse</strong></span> <span class='ocrx_word' id='word_1_526' title='bbox 2024 3319 2075 3342; x_wconf 82' lang='lat' dir='ltr'><strong>ex</strong></span> <span class='ocrx_word' id='word_1_527' title='bbox 2104 3309 2232 3343; x_wconf 88' lang='lat' dir='ltr'><strong>iisdem</strong></span> <span class='ocrx_word' id='word_1_528' title='bbox 2261 3308 2527 3353; x_wconf 80' lang='lat' dir='ltr'><strong>tragoediarum</strong></span> <span class='ocrx_word' id='word_1_529' title='bbox 2553 3308 2632 3352; x_wconf 84' lang='lat' dir='ltr'><strong>ejus</strong></span> <span class='ocrx_word' id='word_1_530' title='bbox 2654 3308 2746 3341; x_wconf 72' lang='lat' dir='ltr'><strong>locis</strong></span> 
     </span>
    </p>
   </div>
   <div class='ocr_carea' id='block_1_9' title="bbox 428 3362 2747 3411">
    <p class='ocr_par' dir='ltr' id='par_1_9' title="bbox 428 3362 2747 3411">
     <span class='ocr_line' id='line_1_47' title="bbox 428 3362 2747 3411; baseline 0.001 -13"><span class='ocrx_word' id='word_1_531' title='bbox 428 3370 601 3411; x_wconf 81' lang='lat' dir='ltr'><strong>apparet,</strong></span> <span class='ocrx_word' id='word_1_532' title='bbox 633 3365 762 3410; x_wconf 77' lang='lat' dir='ltr'><strong>quibus</strong></span> <span class='ocrx_word' id='word_1_533' title='bbox 791 3376 974 3410; x_wconf 82' lang='lat' dir='ltr'><strong>nunquam</strong></span> <span class='ocrx_word' id='word_1_534' title='bbox 1005 3365 1074 3400; x_wconf 82' lang='lat' dir='ltr'><strong>sibi</strong></span> <span class='ocrx_word' id='word_1_535' title='bbox 1099 3372 1270 3401; x_wconf 83' lang='lat' dir='ltr'><strong>constans</strong></span> <span class='ocrx_word' id='word_1_536' title='bbox 1299 3365 1445 3401; x_wconf 82' lang='lat' dir='ltr'><strong>turbare</strong></span> <span class='ocrx_word' id='word_1_537' title='bbox 1468 3366 1682 3411; x_wconf 83' lang='lat' dir='ltr'><strong>religionem</strong></span> <span class='ocrx_word' id='word_1_538' title='bbox 1707 3366 1918 3411; x_wconf 84' lang='lat' dir='ltr'><strong>popularem</strong></span> <span class='ocrx_word' id='word_1_539' title='bbox 1943 3372 2093 3402; x_wconf 76' lang='lat' dir='ltr'><strong>conatus</strong></span> <span class='ocrx_word' id='word_1_540' title='bbox 2118 3372 2185 3404; x_wconf 83' lang='lat' dir='ltr'><strong>est.</strong></span> <span class='ocrx_word' id='word_1_541' title='bbox 2240 3363 2483 3402; x_wconf 69' lang='lat' dir='ltr'><strong>neren-endum</strong></span> <span class='ocrx_word' id='word_1_542' title='bbox 2513 3370 2569 3401; x_wconf 73' lang='lat' dir='ltr'><strong>est</strong></span> <span class='ocrx_word' id='word_1_543' title='bbox 2597 3362 2645 3401; x_wconf 81' lang='lat' dir='ltr'><strong>ad</strong></span> <span class='ocrx_word' id='word_1_544' title='bbox 2675 3362 2747 3400; x_wconf 80' lang='lat' dir='ltr'><strong>hoe</strong></span> 
     </span>
    </p>
   </div>
   <div class='ocr_carea' id='block_1_10' title="bbox 2922 3674 3030 3829">
    <p class='ocr_par' dir='ltr' id='par_1_10' title="bbox 2922 3674 3030 3829">
     <span class='ocr_line' id='line_1_48' title="bbox 2922 3674 2979 3829; textangle 90"><span class='ocrx_word' id='word_1_545' title='bbox 2922 3706 2979 3829; x_wconf 38' lang='lat' dir='ltr'><strong>&#39;lara</strong></span> <span class='ocrx_word' id='word_1_546' title='bbox 2948 3674 2951 3678; x_wconf 90' lang='lat'>·</span> 
     </span>
     <span class='ocr_line' id='line_1_49' title="bbox 3005 3680 3030 3722; textangle 90"><span class='ocrx_word' id='word_1_547' title='bbox 3005 3680 3030 3722; x_wconf 52' lang='lat'><strong>27¹2</strong></span> 
     </span>
    </p>
   </div>
   <div class='ocr_carea' id='block_1_11' title="bbox 3072 0 3117 3854">
    <p class='ocr_par' dir='ltr' id='par_1_11' title="bbox 3072 0 3117 3854">
     <span class='ocr_line' id='line_1_50' title="bbox 3072 0 3117 3854; baseline 0 0"><span class='ocrx_word' id='word_1_548' title='bbox 3072 0 3117 3854; x_wconf 95' lang='lat' dir='ltr'><strong> </strong></span> 
     </span>
    </p>
   </div>
  </div>
 </body>
</html>
