3117 3854
1243 123 1665 180 &2112ss

226 249 398 294 ratione
427 251 525 309 ejus
544 247 823 293 constantiae
843 254 888 290 et
904 247 1078 291 virtutis
1106 255 1318 300 tenemur,
1348 261 1437 305 qua
1456 261 1664 292 caussam
1691 248 1886 292 intestini
1914 249 2019 291 mali
2048 255 2092 292 et
2121 247 2289 291 doloris
2317 248 2572 304 patefacere
2599 264 2671 294 re·

228 336 357 373 cusat
399 327 475 382 (οἱ
503 342 545 369 v.
574 326 659 370 268
688 350 744 358 —
773 326 905 378 355.).
973 328 1121 384 Atque
1159 326 1371 370 confessa
1407 341 1456 370 re
1494 341 1584 369 non
1623 328 1769 370 solum
1803 328 2006 383 protinus
2035 327 2245 380 affirmat,
2285 322 2440 370 o'mnes
2468 308 2591 370 vires
2620 343 2671 371 se

226 407 487 452 adhibuisse
515 406 775 463 repellendo
805 408 982 457 morbo,
1011 420 1167 448 verum
1203 407 1440 457 nutricem,
1477 421 1591 463 quae
1621 409 1828 463 speciosa
1857 408 2153 462 disputatione
2183 421 2379 450 amorem
2408 408 2672 450 confirmare

226 487 336 533 velit
365 486 441 540 (cf.
470 501 511 530 v.
532 486 615 530 433
644 510 699 518 —-
730 484 848 538 481),
879 486 998 527 omni
1026 486 1197 528 ratione
1226 487 1430 543 repudiat
1458 494 1590 544 atque
1621 488 1899 529 abominatur
1930 486 2006 537 (cf.
2037 501 2078 529 v.
2111 486 2191 529 497
2223 512 2278 518 —-
2309 487 2423 538 506).
2462 487 2672 529 Animad-

226 574 350 612 verte
378 581 502 620 vero,
533 573 743 624 quantum
771 564 921 609 valeat
950 579 1065 623 quae
1094 565 1224 609 nobis
1254 566 1456 610 inhaeret
1484 573 1663 610 terrena
1690 574 1864 620 natura:
1896 581 2086 624 namque
2117 581 2221 609 mox
2249 565 2381 609 fidem
2409 565 2576 610 habere
2604 566 2672 609 in·

227 647 334 704 cipit
361 646 568 690 Phaedra
595 643 774 688 blandis
801 644 986 688 nutricis
1016 645 1307 703 argumentis:
1340 660 1420 702 spe
1451 645 1681 697 excitatur,
1710 644 1819 698 fore,
1849 654 1896 688 ut
1925 646 1967 689 in
1990 645 2220 703 Hippolyti
2248 659 2443 688 amorem
2472 659 2577 688 sese
2605 647 2672 687 in·

227 727 390 779 sinuet‚
420 739 566 782 neque
595 724 740 781 prius,
781 738 911 781 quam
939 726 1098 768 mentis
1127 725 1259 781 inops
1287 724 1392 768 ferri
1420 726 1639 777 videatur,
1678 725 1964 782 Hippolytum
2001 726 2055 768 de
2087 724 2378 768 clandestinis
2407 724 2600 768 Veneris
2638 727 2672 775 ¹)

225 805 404 862 ignibus
441 803 675 847 certiorem
711 802 806 845 fieri
844 803 1008 857 patitur
1049 803 1124 856 (cf.
1152 819 1194 847 v.
1226 803 1309 848 48ss
1335 817 1394 836 '·—
1423 803 1539 856 525).
1598 804 1691 848 Sed
1719 805 1764 847 in
1794 805 1881 847 hoc
1911 806 2079 860 juvene
2108 804 2407 855 nobilissimo,
2447 811 2490 846 et
2527 802 2672 845 forma

226 890 271 927 et
298 883 518 926 modestia
547 890 590 925 et
620 881 822 924 castitate
853 889 1024 935 ornato,
1052 889 1200 925 tantus
1231 889 1300 924 est
1330 882 1504 925 divinae
1532 883 1706 926 virtutis
1735 883 1876 939 vigor,
1906 890 1952 924 ut
1982 897 2151 925 summa
2180 883 2443 926 incendatur
2470 881 2670 937 indigna-

225 962 345 1005 tione
376 970 420 1005 et
446 962 526 1004 ira.
586 961 651 1003 lta
680 974 754 1004 res
785 975 839 1003 eo
870 961 1113 1013 adducitur,
1143 969 1191 1003 ut
1219 975 1307 1003 uno
1338 961 1511 1004 scelere
1540 961 1736 1005 admisso
1763 961 1970 1004 Phaedra
1998 960 2118 1003 illico
2149 976 2229 1017 per
2258 961 2445 1005 alterum
2474 959 2669 1002 labatur:

226 1041 390 1099 quippe
420 1039 584 1084 Thesei
612 1040 723 1083 iram
753 1039 912 1082 timens
943 1046 986 1083 et
1015 1039 1175 1084 civium
1206 1039 1493 1096 opprobrium
1522 1054 1693 1084 omnem
1723 1040 1899 1097 culpam
1928 1038 2139 1084 transfert
2169 1040 2212 1083 in
2243 1038 2543 1097 Hippolytum.
2600 1036 2671 1081 Ne

224 1121 327 1176 ipsa
354 1119 606 1176 inquinetur
633 1119 917 1174 impudictiae
947 1117 1077 1171 fama,
1106 1120 1274 1176 majore
1305 1134 1354 1161 se
1385 1119 1567 1161 crimine
1596 1119 1763 1175 polluit,
1793 1120 1980 1163 alterum
2008 1120 2231 1162 insontem
2259 1119 2507 1174 illaqueans
2536 1118 2670 1161 mise-

224 1199 324 1251 riis3
365 1205 506 1241 semet
543 1199 687 1254 ipsam
720 1198 894 1255 laqueis
934 1200 1216 1254 suspendens
1246 1198 1533 1254 Hippolytum
1571 1207 1755 1241 accusat
1789 1200 1834 1241 in
1867 1200 2027 1242 litteris
2061 1200 2115 1241 de
2146 1199 2191 1240 vi
2228 1198 2454 1240 intentata.
2512 1197 2670 1252 Longe

224 1279 316 1321 alia
343 1278 573 1335 Hippolyti
609 1292 748 1321 mens.
807 1278 850 1320 Is
881 1279 1017 1331 enim,
1058 1293 1321 1336 quamquam
1357 1278 1507 1321 audita
1544 1293 1593 1321 re
1632 1278 1803 1321 incesta
1830 1279 2134 1335 indignatione
2164 1277 2369 1333 impletur
2407 1275 2672 1327 incredibili,

224 1358 378 1415 lingua
406 1372 457 1401 se
478 1359 662 1414 jurasse
693 1358 867 1410 dicens,
902 1365 1092 1401 mentem
1129 1372 1286 1414 gerere
1322 1358 1551 1414 injuratam
1584 1362 1641 1409 ²),
1680 1371 1783 1398 mox
1812 1364 1957 1399 tamen
1988 1372 2042 1400 eo
2072 1356 2308 1399 revertitur
2343 1354 2672 1412 generositatis,

225 1445 274 1481 ut
300 1436 607 1481 atrocissimas
636 1437 820 1494 injurias
852 1446 895 1480 et
925 1451 1120 1481 summas
1157 1436 1431 1481 calamitates
1461 1436 1659 1493 perferre
1688 1435 1823 1489 malit,
1855 1451 1984 1493 quam
2013 1436 2288 1493 aegritudine
2318 1433 2499 1478 afficere
2528 1433 2670 1491 patris

225 1517 431 1568 animum,
460 1524 592 1573 atque
612 1517 796 1569 violare,
827 1532 912 1573 quo
942 1518 1174 1559 tenebatur
1194 1518 1295 1574 jure
1316 1517 1510 1574 jurando
1536 1521 1587 1569 ³).
1617 1517 1773 1574 Neque
1805 1517 1992 1572 decepto
2013 1515 2187 1559 Theseo
2218 1529 2493 1559 succensens
2523 1527 2672 1570 neque

225 1595 323 1637 Diis
353 1596 505 1648 iratus,
535 1596 644 1637 tanti
673 1594 898 1637 infortunii
919 1602 1139 1651 tamquam
1168 1596 1435 1646 auctoribus,
1466 1609 1609 1652 aequo
1640 1596 1786 1637 animo
1814 1595 1952 1637 vitam
1972 1608 2073 1637 cum
2092 1603 2230 1637 morte
2251 1600 2500 1636 commutat.
2550 1592 2669 1640 Quid

224 1674 366 1717 vero?
405 1675 522 1716 Num
542 1675 673 1717 deum
702 1675 921 1732 quendam
949 1674 1064 1717 haec
1093 1674 1389 1716 machinatum
1417 1675 1709 1717 arbitremur?
1737 1674 2015 1716 machinatos
2045 1688 2149 1716 esse
2169 1681 2290 1716 recte
2320 1671 2522 1727 profecto
2554 1670 2666 1711 dicis

227 1754 351 1806 deos,
382 1753 538 1810 quales
570 1753 733 1798 Graeci
762 1754 907 1797 animo
939 1754 1025 1797 sibi
1043 1752 1404 1805 informaverant3
1434 1761 1480 1796 at
1498 1753 1733 1809 Euripides
1761 1761 1907 1810 negat,
1939 1753 2068 1796 deum
2088 1752 2402 1809 appellandum
2422 1764 2526 1794 esse
2556 1763 2669 1800 eum,

227 1832 302 1889 qui
330 1832 492 1889 injuste
522 1839 627 1891 agat
659 1836 715 1886 4);
747 1832 988 1886 Venerem,
1028 1832 1073 1874 id
1102 1833 1222 1889 quod
1251 1831 1429 1876 fabulae
1457 1832 1580 1875 initio
1611 1832 1861 1888 expositum
1892 1838 1961 1875 est
1990 1845 2018 1874 a
2045 1839 2191 1888 poeta,
2222 1832 2423 1874 videmus
2452 1830 2544 1872 irae
2574 1827 2669 1885 ple-

225 1924 329 1954 nam
367 1919 410 1954 et
449 1910 745 1965 crudelitatis,
785 1926 939 1954 verum
976 1912 1033 1954 ab
1070 1911 1251 1955 aethere
1286 1911 1373 1955 hoc
1402 1911 1612 1955 abhorret
1646 1926 1777 1969 quam
1805 1911 1997 1955 maxime
2031 1915 2089 1963 ⁵);
2126 1911 2328 1953 nimirum
2364 1910 2588 1952 hominum
2624 1915 2670 1950 et

304 2083 333 2127 ¹)
356 2082 503 2117 Venere
527 2082 764 2117 immoderata
788 2089 824 2117 et
846 2083 1032 2128 illegitima
1054 2082 1219 2117 homines
1244 2082 1416 2118 trahimur
1440 2083 1487 2118 ad
1510 2082 1663 2129 plurima
1685 2089 1854 2130 peccata,
1878 2081 2069 2118 moderata
2094 2088 2128 2116 et
2152 2081 2307 2117 honesta
2330 2079 2517 2115 evehimur
2540 2077 2587 2113 ad
2611 2089 2667 2112 sa·

360 2138 531 2185 pientiam
556 2150 598 2173 ac
621 2138 799 2174 virtutem.

632 2194 780 2230 Danaes
804 2194 847 2243 fr.
873 2193 968 2229 Vm.
1715 2194 1866 2241 Dictyis.
1893 2194 1936 2229 sr.
1964 2193 2060 2229 Vln.

488 2250 605 2298 ’Ἔρως
627 2250 699 2297 γὰρ
723 2250 840 2298 ἀργὸν
862 2250 953 2284 κάπὶ
975 2254 1050 2289 τοῖς
1073 2250 1202 2296 ἀργοῖς
1225 2252 1310 2297 ἔφυ.
1585 2255 1693 2298 (μ’λος
1715 2250 1788 2297 γὰρ
1811 2246 1857 2295 ἢν
1878 2263 1957 2299 μοι·
1981 2255 2046 2285 καί
2065 2250 2107 2297 μ’
2136 2251 2225 2296 ἔρως
2248 2249 2321 2284 ἕλοι
2348 2248 2435 2284 ποτὲ

498 2310 602 2353 φιλεῖ
621 2304 807 2354 κάτοπτρα
830 2309 892 2341 καὶ
915 2303 1030 2353 κόμης
1053 2309 1296 2354 ξανθίσματα,
1584 2307 1651 2343 οὐκ
1673 2310 1723 2347 εἰς
1745 2307 1784 2342 τὸ
1800 2310 1940 2355 μῶρον,
1967 2306 2057 2341 οὐδέ
2077 2306 2119 2354 μ’
2141 2309 2190 2346 εἰς
2206 2304 2354 2353 Κύπριν
2376 2307 2529 2354 τρέπων.

497 2362 625 2411 φεύγει
651 2363 692 2398 δὲ
715 2361 892 2411 μόχθους.
917 2361 958 2398 ἓν
981 2363 1025 2398 δέ
1046 2374 1111 2410 μοι
1135 2362 1341 2412 τεκμήριον·
1582 2363 1662 2398 ἀλλ’
1690 2365 1766 2399 ἔστι
1790 2361 1837 2408 δή
1860 2377 1911 2403 τις
1934 2361 2042 2402 ἄλλος
2066 2364 2106 2399 ἐν
2128 2365 2270 2410 βροτοῖς
2293 2363 2394 2408 ἔρως,

498 2419 619 2459 οὐδεὶς
642 2421 852 2464 προσαιτῶν
873 2422 998 2464 βίοτον
1021 2417 1164 2466 ἠράσθη
1186 2422 1339 2465 βροτῶν,
1582 2422 1703 2465 ψυχῆς
1724 2420 1867 2459 δικαίας
1890 2418 2085 2466 σώφρονός
2107 2431 2142 2454 τε
2166 2418 2343 2464 κάγαθῆς.

497 2477 538 2513 ἐν
559 2481 634 2515 τοῖς
657 2477 693 2511 δ’
721 2477 869 2522 ἔχουσιν
892 2474 1020 2520 ἡβητὴς
1044 2475 1181 2522 πέφυχ’
1210 2473 1284 2513 ὅδε.
1580 2479 1642 2512 καὶ
1661 2477 1759 2522 χρῆν
1782 2476 1823 2513 δὲ
1849 2481 1922 2517 τοϊς
1943 2480 2103 2523 βροτοῖσι
2129 2474 2230 2512 τόνδ’
2257 2475 2347 2512 εἶναι
2374 2472 2504 2523 νόμον,

634 2532 743 2581 Hipp.
768 2543 823 2581 pr.
849 2532 893 2569 sr.
919 2531 977 2568 ΙΙΙ.
1581 2535 1654 2569 τῶν
1676 2530 1924 2578 εὐσεβούντων
1949 2535 2077 2573 οἵτινές
2099 2544 2141 2580 γε
2166 2529 2356 2580 σώφρονες

498 2591 569 2636 ἔχω
595 2590 638 2624 δὲ
660 2588 794 2637 τόλμης
816 2592 876 2623 καὶ
899 2588 1061 2635 θράσους
1084 2587 1310 2624 διδάσκαλον
1581 2590 1682 2637 ἐρεῖν,
1706 2589 1856 2638 Κύπριν
1879 2591 1921 2625 δὲ
1944 2589 2009 2633 τὴν
2033 2590 2121 2628 Διὸς
2139 2594 2284 2637 χαίρειν
2308 2590 2385 2623 ἐᾶν.

497 2648 538 2682 ἐν
559 2651 634 2686 τοῖς
656 2645 901 2694 ιἰμηχάνοισιν
923 2644 1188 2691 εὐπορώτατον,

488 2699 649 2752 ”Ερωτα,
675 2701 824 2741 πάντων
847 2700 1134 2752 δυσμαχώτατον
1156 2705 1267 2741 θεῶν.

306 2784 336 2828 ²)
361 2781 382 2827 ἡ
406 2780 542 2829 γλῶσσ’
574 2780 759 2831 ὀμώμοκ’,
785 2781 803 2818 ὁ
829 2783 870 2818 δὲ
896 2784 982 2823 νοῦς
1006 2779 1193 2832 ἀνώμοτος
1217 2784 1268 2828 (ν.
1292 2782 1402 2827 012.)-

303 2861 334 2906 ³)
358 2856 400 2898 εὖ
425 2861 461 2897 δ’
490 2864 588 2905 ἴσθι,
606 2859 755 2909 ,τούμόν
778 2861 811 2896 σ’
839 2861 984 2906 εὐσεβὲς
1006 2860 1125 2905 σώζει,
1150 2859 1271 2909 γύναι.
1515 2861 1558 2897 οὐ
1583 2861 1689 2906 δῆτα·
1716 2861 1860 2902 πάντως
1885 2862 1928 2897 οὐ
1954 2862 2103 2911 amoq?
2132 2860 2190 2903 ἂν,
2215 2855 2267 2901 οἷς
2288 2874 2335 2908 με
2359 2861 2427 2896 δεῖ.

363 2920 396 2954 εἰ
417 2917 469 2966 μὴ
492 2916 564 2967 γὰρ
589 2915 711 2966 ὅρκοις
733 2919 833 2954 θεῶν
856 2914 1044 2966 ι’ίφρακτος
1066 2915 1234 2967 εὖρέθην,
1514 2916 1634 2966 μα’την
1650 2917 1686 2954 ‹5'
1708 2916 1755 2956 (ἲν
1772 2916 1893 2966 ὅρκοις
1908 2918 2117 2967 συγχέαᾳΐ,
2135 2915 2196 2958 οὓς
2211 2915 2339 2965 ὤμοσα
2350 2919 2402 2961 (v.
2416 2916 2599 2963 lOssosq.).

364 2973 431 3008 οὐκ
453 2972 501 3010 ι’ἰν
523 2973 607 3008 ποτ’
628 2974 740 3020 ἔσχον
754 2972 806 3021 μὴ
829 2971 910 3007 τάδ’
932 2974 1087 3013 ἐξειπεῖν
1103 2974 1444 3023 πατρί(ν.6505ι].).
1518 3004 1605 3011 ......
1631 2975 1712 3011 οὐδ’
1742 2971 1788 3011 αὖ
1813 2976 1905 3023 πρὸς
1927 2979 2037 3011 σέθεν
2059 2972 2293 3021 κακούμενος,

363 3026 392 3066 ὦ
415 3033 516 3074 θεοὶ,
541 3035 578 3067 τί
599 3031 691 3075 δῆτα
714 3028 855 3078 τούμὸν
878 3029 921 3066 οὐ
946 3028 1045 3066 λύσω
1070 3029 1199 3078 στόμα,
1519 3031 1639 3080 ὅρκων
1663 3033 1792 3080 ἀφεῖλε
1816 3037 1955 3077 πίστιν,
1987 3032 2134 3076 εὐσεβὴς
2156 3028 2271 3078 γεγώς
2295 3032 2345 3075 (v.
2378 3030 2465 3067 1308
2487 3033 2576 3077 sq.).

509 3088 519 3100 ἱ
557 3086 565 3097 t
606 3088 616 3100 ι
653 3086 662 3098 t

303 3167 335 3212 ⁴)
359 3166 432 3204 εἴθ’
459 3162 507 3212 ἦν
529 3165 662 3217 ἀραῖον
686 3167 840 3216 δαίμοσι
862 3169 1004 3218 βροτῶν
1026 3169 1132 3215 γένος
1155 3170 1208 3214 (v.
1237 3169 1366 3215 1415.).

307 3246 338 3291 ⁵)
362 3245 494 3282 Vatum
518 3246 578 3283 vel
604 3246 756 3283 aliorum
780 3247 977 3289 hominum,
1012 3248 1073 3293 qui
1097 3247 1203 3295 culpa
1225 3259 1267 3284 se
1290 3248 1507 3296 polluerant,
1533 3255 1738 3286 commenta
1761 3261 1844 3286 esse
1868 3249 2007 3291 omnia,
2039 3229 2275 3294 quaecunque
2299 3246 2361 3283 Dii
2385 3246 2597 3284 serebantur
2619 3249 2671 3285 in-

357 3301 470 3350 justa,
493 3313 624 3352 prava,
650 3305 789 3340 incesta
813 3305 987 3352 gessisse,
1011 3314 1194 3351 nunquam
1217 3315 1291 3340 non
1313 3305 1532 3353 significavit
1554 3313 1678 3354 poeta.
1724 3305 1775 3340 Ut
1798 3316 1936 3340 mecum
1960 3305 2085 3347 facias,
2110 3304 2293 3348 manibus,
2317 3305 2348 3339 si
2372 3304 2513 3352 placet,
2539 3306 2672 3341 evolve

363 3372 508 3404 versu8‚
542 3374 634 3407 quos
659 3363 738 3409 jam
769 3363 883 3398 offero
911 3361 1173 3398 recensendos.
1228 3362 1340 3399 Herc.
1365 3363 1432 3399 sur.
1456 3376 1492 3399 v.
1522 3363 1604 3399 1341
1635 3375 1692 3409 sq.
1724 3383 1770 3389 —
1806 3363 1917 3410 lphig.
1941 3364 1985 3398 A.
2011 3374 2046 3398 v.
2073 3362 2140 3397 793
2167 3373 2224 3408 sq.
2257 3382 2303 3389 —-
2333 3362 2450 3409 lphig.
2475 3363 2518 3400 T.
2544 3375 2580 3399 v.
2604 3362 2673 3398 :380
