3117 3854
1318 140 1708 195 *³1⁹7*ss

432 266 515 311 His
552 263 810 309 criminibus
838 274 1001 319 magna
1039 277 1096 307 ex
1132 268 1259 320 parte
1288 262 1452 320 injuste
1489 275 1545 306 ac
1581 275 1820 318 perperam
1846 261 2014 306 lacessi
2042 262 2298 318 Euripidem
2334 276 2362 307 a
2391 262 2734 311 Bouterweckio

291 347 459 407 pariter
486 351 620 403 atque
647 344 705 387 ab
735 343 850 397 aliis,
880 343 954 402 qui
982 343 1126 386 minus
1156 341 1438 385 considerate
1457 341 1755 397 inspiciebant
1783 341 2054 399 tragoedias,
2084 342 2180 385 sine
2210 342 2303 385 ulla
2334 340 2607 388 dubitatione
2628 357 2733 388 con-

291 425 578 470 firmaverim.
634 424 744 468 Arte
773 425 890 466 enim
917 423 1090 478 tragica
1128 422 1273 463 isthac
1302 423 1399 477 jam
1434 427 1580 462 aetate
1610 421 1909 467 flaccescente
1939 435 2029 462 non
2058 422 2216 476 ignoro
2248 423 2464 478 equidem,
2493 425 2736 466 verborum

270 553 274 557 ,
293 492 703 561 sententiarumque
730 503 917 545 floribus
938 503 1165 544 abundare
1195 502 1446 557 tragoedias
1465 501 1730 554 Euripideas
1751 501 1994 556 proculque
2016 502 2183 542 distare
2212 503 2269 543 ab
2280 502 2498 558 Aeschyli
2517 504 2735 546 cothurno

291 582 348 629 ac
385 585 603 642 gravitate
633 581 890 639 Sophoclea
918 585 948 633 ¹)
985 595 1130 639 neque
1170 580 1381 636 praeterit
1418 593 1550 630 sane,
1591 578 1665 636 qui
1702 578 1889 634 primum
1917 580 2080 622 ademit
2110 587 2288 635 poetam
2319 580 2438 624 male
2470 581 2635 624 offendi
2662 584 2734 637 iis,

291 677 407 722 quae
436 662 639 718 exposita
678 668 781 704 sunt
812 662 866 704 de
897 667 1043 704 terrae
1081 666 1240 701 natura
1269 658 1569 715 aetherisque,
1620 659 1675 700 de
1705 671 1853 699 rerum
1890 659 2059 714 origine
2089 672 2144 701 ac
2172 659 2393 715 principio
2425 667 2469 702 et
2500 674 2615 718 quae
2645 660 2737 705 alia

290 743 456 787 cadunt
483 740 529 783 in
558 739 815 797 physicumt
847 739 1052 782 omnibus
1081 745 1250 790 tamen,
1282 738 1327 780 in
1357 738 1515 795 quibus
1545 753 1619 781 res
1650 737 1864 795 physicas
1894 738 2182 790 examinavit,
2212 739 2467 783 accuratius
2496 740 2735 796 perpensis

292 820 649 877 comparatisque
678 819 792 861 inter
812 833 884 873 se,
913 819 959 860 id
988 818 1164 875 quidem
1193 817 1441 860 certissime
1469 825 1602 873 patet,
1632 831 1687 860 ea
1716 832 1805 859 non
1836 818 2144 860 ostentationis
2175 832 2338 862 caussa
2368 821 2533 875 exponi
2561 820 2635 863 vel
2664 835 2733 863 or-

289 901 486 946 namenti
515 900 759 958 cujusdam,
789 900 871 944 sed
899 905 1157 956 propterea,
1208 898 1327 954 quod
1365 903 1484 940 totus
1519 897 1577 939 ad
1611 897 1923 952 philosophiae
1954 898 2100 941 studia
2130 898 2391 956 confugerat
2421 906 2557 956 poeta
2585 901 2736 957 itaque

290 979 525 1024 imbiberat
552 977 882 1034 philosophiam
911 976 1164 1034 physicam,
1203 983 1250 1019 ut
1280 990 1337 1019 cx
1367 990 1421 1019 ea
1451 975 1581 1032 quasi
1608 974 1728 1019 fonte
1759 977 1906 1020 omnia
1934 977 2168 1020 videantur
2197 978 2407 1031 fluxisse,
2440 994 2735 1037 quaecunque

293 1061 351 1104 de
380 1057 633 1103 conditione
662 1072 717 1102 ac
743 1056 832 1101 fine
860 1057 978 1101 vitae
997 1056 1217 1100 humanae
1246 1055 1496 1112 proposuit,
1528 1056 1583 1099 de
1602 1056 1737 1099 rebus
1766 1057 1896 1100 bonis
1926 1071 1981 1100 ac
2001 1056 2129 1100 malis
2160 1064 2204 1100 et
2234 1072 2348 1113 quae
2379 1066 2480 1102 sunt
2510 1060 2557 1102 id
2586 1074 2733 1115 genus

291 1138 394 1183 alia.
452 1138 502 1180 In
530 1136 602 1181 his
632 1137 749 1181 enim
779 1136 956 1187 studiis,
997 1150 1110 1193 quae
1140 1137 1258 1193 apud
1288 1135 1590 1179 Athenienses
1620 1142 1710 1178 tum
1739 1136 1924 1191 primum
1954 1136 2072 1179 culta
2102 1151 2207 1179 mox
2236 1137 2295 1179 ad
2324 1137 2443 1181 vitae
2473 1139 2734 1182 societatem

291 1218 436 1262 relata
479 1232 583 1261 esse
632 1216 882 1269 didicimus,
930 1223 1067 1259 totam
1107 1215 1202 1259 fere
1247 1223 1437 1259 aetatem
1484 1215 1690 1258 contrivit
1735 1218 1886 1270 poeta:
1926 1217 2166 1271 pensitavit
2204 1217 2395 1260 maxima
2425 1233 2548 1270 cura,
2599 1233 2735 1274 quae-

294 1313 469 1354 cunque
497 1298 543 1340 in
571 1297 796 1340 hominum
829 1295 1235 1351 philosophantium
1284 1296 1649 1351 disceptationem
1677 1297 1840 1339 cadere
1875 1279 2062 1351 possunt
2100 1304 2144 1339 et
2174 1312 2288 1352 quae
2319 1298 2417 1352 ipse
2458 1306 2734 1353 cognoverat

293 1379 488 1421 humana
528 1377 678 1420 divina
706 1375 845 1420 voluit
873 1376 918 1418 in
948 1375 1089 1419 solem
1127 1378 1333 1432 produci,
1381 1384 1429 1419 ut
1457 1377 1787 1419 innotescerent
1815 1390 1872 1418 ac
1909 1377 2202 1431 probarentur
2232 1378 2404 1420 civibus
2436 1379 2569 1421 etiam
2600 1393 2733 1435 quam

293 1457 495 1514 plurimis
518 1461 570 1507 2).

431 1617 542 1651 tuisse
567 1627 617 1650 ex
639 1614 766 1650 iisdem
782 1614 1047 1661 tragoediarum
1072 1613 1148 1659 ejus
1172 1614 1262 1648 locis
1279 1613 1440 1659 adparet,
1466 1613 1593 1658 quibus
1617 1625 1799 1659 nunquam
1823 1613 1889 1648 sibi
1915 1620 2085 1648 constans
2111 1615 2255 1648 turbare
2280 1615 2491 1659 religionem
2516 1615 2727 1662 popularem

432 1678 583 1708 conatus
601 1674 706 1713 est;“
723 1692 767 1698 —
782 1671 827 1707 Ρ.
850 1672 902 1706 10.
920 1670 1031 1706 Plura
1044 1670 1290 1717 comprobant,
1315 1670 1520 1716 Euripidem
1538 1670 1684 1705 decreta
1700 1671 1759 1705 vel
1784 1683 1855 1705 non
1874 1670 2101 1705 intellexisse
2126 1670 2184 1705 vel
2202 1670 2248 1705 de
2265 1670 2438 1706 industria
2454 1671 2668 1707 alterasse.“
2685 1692 2730 1698 -

433 1728 479 1766 P.
501 1729 554 1766 11.
581 1726 682 1772 „Sed
706 1738 799 1775 quae
822 1727 931 1773 vulgo
955 1726 1193 1764 credebantur
1215 1738 1402 1774 respuens,
1427 1727 1505 1774 ipse
1522 1725 1607 1773 quid
1623 1732 1797 1764 statueret
1821 1737 1892 1763 non
1910 1727 2110 1769 inveniens,
2135 1725 2216 1763 lieri
2241 1739 2313 1763 non
2329 1727 2454 1776 potuit,
2480 1728 2565 1775 quin
2589 1727 2734 1764 sibimet

428 1787 498 1834 ipsi
521 1790 750 1833 repugnaret,
775 1795 855 1818 cum
880 1784 999 1825 modo,
1025 1789 1061 1818 ut
1083 1790 1228 1832 poetam
1253 1784 1369 1825 decet,
1395 1783 1564 1817 adsentiri
1581 1793 1770 1832 perperam
1796 1784 1952 1825 creditis,
1978 1784 2085 1819 modo
2102 1795 2160 1819 res
2185 1795 2300 1819 novas
2318 1785 2431 1820 moliri
2448 1786 2670 1821 videretur.“
2686 1804 2732 1811 —

430 1843 477 1878 P.
503 1843 560 1877 20.
585 1842 745 1884 „Verum
777 1843 807 1876 si
837 1841 1091 1888 philosophum
1115 1841 1301 1888 Euripides
1327 1853 1371 1875 eo
1397 1841 1662 1886 comprobavit,
1695 1841 1793 1885 quod
1823 1841 1997 1885 ejusmodi
2028 1843 2226 1875 sententias
2254 1841 2416 1887 proferre
2440 1854 2513 1876 non
2539 1842 2727 1883 dubitavit,

431 1911 495 1934 cur
517 1900 554 1933 in
578 1898 647 1933 hac
672 1910 815 1944 quoque
839 1897 1026 1943 tragoedia
1049 1899 1177 1932 iterum
1202 1900 1400 1943 iterumque
1423 1897 1492 1932 sibi
1517 1909 1721 1943 repugnans
1745 1897 1935 1932 reclamat.
1960 1909 2141 1942 nunquam
2166 1897 2428 1943 desperandum
2454 1909 2536 1932 esse
2561 1900 2598 1933 iu
2621 1899 2730 1934 rebus

433 1955 610 1997 humanis,
635 1965 715 1989 cum
739 1954 868 2001 Superi
894 1959 1022 1989 cuncta
1044 1955 1258 1996 intueantur,
1282 1954 1368 1989 boni
1393 1953 1502 2000 digna
1524 1954 1667 2001 pietatis
1691 1953 1851 2000 praemia
1876 1961 2154 1999 consequantur,
2180 1954 2262 1988 mali
2286 1965 2373 1989 vero
2397 1966 2578 2000 nunquam
2603 1954 2731 1991 felices

429 2013 523 2048 sint?
571 2011 792 2055 Consultius,
816 2018 921 2057 puto,
954 2011 1142 2058 Euripides
1172 2012 1322 2057 egisset,
1346 2012 1377 2046 si
1405 2011 1529 2048 rebus,
1564 2023 1657 2056 quae
1689 2022 1756 2046 sua
1787 2016 1914 2046 natura
1945 2011 1990 2045 ad
2023 2018 2156 2046 rectam
2180 1997 2354 2046 rationem
2378 2012 2543 2046 revocari
2568 2023 2642 2047 non
2666 2024 2731 2059 po-

430 2074 565 2111 terant,
598 2079 720 2103 coram
744 2068 879 2115 populo
903 2069 1019 2103 lucem
1044 2067 1227 2102 aflundere
1252 2078 1325 2102 non
1349 2066 1584 2102 studuisset.‘·
1608 2085 1653 2091 -
1675 2066 1719 2101 P.
1744 2066 1800 2102 25.
1831 2066 1932 2109 „Sed
1961 2067 1996 2101 id
2027 2078 2169 2113 quoque
2195 2067 2241 2102 ad
2263 2067 2444 2113 singulare
2469 2067 2575 2114 hujus
2598 2074 2734 2115 poetae

431 2127 613 2171 ingenium
636 2126 810 2171 pertinet,
843 2126 940 2170 quod
963 2125 1031 2160 sibi
1055 2126 1170 2171 impar
1193 2124 1302 2160 modo
1327 2124 1422 2160 humi
1446 2126 1588 2170 serpsit,
1614 2124 1722 2159 inodo
1747 2124 1793 2159 ad
1817 2124 2067 2159 sublimitatem
2091 2123 2255 2159 evehitur
2278 2123 2464 2170 Sophocle
2489 2131 2526 2159 et
2549 2125 2734 2172 Aeschylo

431 2182 616 2227 dignam.“
639 2200 685 2206 --
708 2180 752 2216 P.
780 2180 836 2216 29.
862 2180 1032 2223 „Morum
1061 2180 1258 2215 studiosum
1290 2180 1561 2216 observatorem
1586 2180 1697 2215 fuisse
1720 2180 1924 2227 Euripidem
1949 2179 2113 2227 adparet,
2145 2180 2212 2214 sed
2235 2191 2420 2226 nunquam
2452 2181 2488 2215 in
2514 2182 2736 2229 cogitatione

430 2237 553 2282 aliqua
577 2235 723 2271 defixus
747 2247 815 2271 nec
838 2238 914 2271 veri
944 2237 1096 2282 diligens
1125 2237 1316 2282 indagator
1346 2238 1564 2272 sententiam
1594 2237 1702 2272 modo
1735 2239 1829 2272 hanc
1852 2237 1959 2272 modo
1983 2237 2080 2272 illam
2106 2237 2222 2282 qualis
2247 2238 2280 2272 ei
2305 2238 2342 2272 in
2365 2244 2524 2273 mentem
2549 2239 2734 2281 veniebat,

431 2293 541 2327 talem
564 2293 600 2326 in
624 2292 788 2326 versibus
813 2294 930 2337 posuit
953 2298 1097 2337 tamque
1120 2304 1245 2338 parum
1272 2294 1433 2328 curiosus
1458 2296 1494 2329 in
1511 2295 1581 2329 hoc
1606 2306 1740 2340 genere
1765 2295 1840 2335 fuit,
1863 2302 1899 2329 ut
1923 2306 1989 2329 nec
2013 2297 2093 2329 trita
2118 2307 2161 2329 ac
2185 2295 2300 2329 sutilia.
2316 2295 2608 2341 adspernaretur,
2634 2296 2736 2330 dum·

430 2348 541 2384 modo
565 2346 699 2394 aliquid
722 2348 798 2382 veri
821 2349 863 2382 iis
888 2349 1007 2383 inesse
1030 2351 1212 2395 putaret.·‘
1235 2369 1280 2375 ——
1305 2348 1348 2384 Ρ.
1366 2349 1422 2385 33.
1450 2350 1600 2394 „Poetis
1625 2351 1670 2385 ad
1686 2351 1936 2398 philosophiae
1960 2351 2114 2386 studium
2139 2351 2329 2398 propensis
2351 2351 2539 2398 Euripides
2564 2363 2733 2388 annume-

429 2404 564 2441 randus
589 2409 661 2446 est;
690 2403 756 2438 sed
789 2414 867 2438 cum
898 2403 1194 2450 philosophorum
1225 2415 1326 2439 more
1358 2405 1444 2450 quid
1468 2405 1513 2440 de
1538 2417 1655 2449 rerum
1680 2412 1807 2441 natura
1831 2406 1988 2452 quidque
2012 2406 2057 2441 de
2090 2406 2250 2442 humana
2273 2407 2481 2442 conditione
2505 2408 2734 2443 statuendum

429 2463 489 2504 sit,
513 2462 632 2497 animo
657 2461 836 2505 volveret,
867 2473 939 2496 non
964 2462 1050 2496 satis
1075 2461 1156 2496 huic
1180 2462 1385 2507 cogitationi
1409 2463 1636 2506 immoratus,
1665 2475 1783 2510 neque
1808 2463 1854 2498 de
1879 2463 1987 2499 rebus
2013 2464 2204 2510 diligenter
2227 2464 2449 2511 pensitandis
2472 2466 2665 2508 sollicitus,
2695 2466 2733 2500 id

429 2524 567 2553 tantum
599 2517 814 2563 quaerebat,
848 2517 945 2563 quod
978 2518 1197 2564 generaliter
1226 2520 1483 2564 pronuntiaret.
1540 2520 1664 2567 ltaque
1701 2534 1772 2557 non
1805 2528 1876 2565 tam
1909 2523 1985 2557 veri
2016 2534 2123 2568 ηιιειιιι
2155 2523 2413 2558 sententiarum
2443 2523 2621 2558 studiosus
2652 2522 2730 2559 suit.

429 2575 592 2611 Aliorum
616 2576 777 2621 vestigiis
800 2575 990 2611 inhaerere
1014 2575 1244 2621 dedignatus,
1275 2578 1519 2622 Anaxagorae
1544 2585 1678 2613 tantum
1704 2579 1825 2624 aliqua
1850 2591 2106 2625 nonnunquam
2131 2587 2318 2626 repetens,
2349 2581 2442 2614 inter
2471 2579 2658 2614 manifesta
2689 2591 2734 2615 ac

431 2632 630 2680 perplexa,
664 2639 763 2668 certa
794 2643 837 2668 ac
862 2632 970 2668 dubia
992 2632 1168 2668 fluctuans
1198 2644 1328 2681 sapere
1352 2641 1470 2671 tamen
1494 2635 1562 2671 sibi
1586 2635 1818 2672 videbatur.·‘
1842 2658 1885 2662 -
1910 2636 2047 2673 Contra
2075 2637 2141 2673 has
2166 2636 2434 2673 Bouterweckii
2465 2636 2734 2673 criminationes

429 2689 618 2735 Euripides
651 2701 701 2724 ex
730 2697 833 2736 parte
857 2690 1061 2725 defenditur
1084 2702 1106 2724 a
1129 2690 1368 2725 Schneithero
1392 2693 1427 2726 in
1452 2692 1711 2739 disputatione,
1745 2705 1838 2739 quae
1862 2695 1987 2741 paucis
2013 2694 2144 2727 abhinc
2169 2695 2270 2727 annis
2296 2693 2505 2738 Groningae
2529 2693 2662 2740 prodiit
2686 2694 2733 2727 de

428 2746 641 2792 Euripide
664 2746 811 2793 philos
821 2747 956 2794 oph03
983 2748 1175 2782 assentitur
1197 2759 1285 2783 vero
1311 2748 1453 2790 dicenti,
1476 2754 1621 2794 poetam
1645 2749 1714 2784 sihi
1738 2750 1854 2795 ipsum
1878 2763 1951 2785 non
1976 2762 2120 2795 semper
2145 2750 2357 2791 constitisse,
2381 2752 2628 2794 Anaxagorea
2643 2762 2732 2784 non-

429 2814 612 2849 nunquam
643 2814 716 2838 non
741 2809 839 2844 recte
863 2803 1106 2847 intellexisse,
1140 2803 1303 2849 religioni
1328 2805 1506 2841 nocuisse.
1554 2803 1635 2841 Nec
1659 2805 1776 2840 minus
1803 2817 1933 2851 aspere
1959 2812 2147 2841 accusatur
2170 2804 2354 2851 Euripides
2380 2804 2425 2840 ab
2459 2805 2555 2847 aliis,
2588 2805 2687 2841 velut
2710 2817 2734 2841 a

427 2859 608 2893 Muellero
632 2860 668 2893 in
699 2859 972 2902 dissertatione,
1005 2872 1111 2906 quam
1135 2862 1376 2897 Vratislaviae
1407 2862 1453 2896 de
1477 2862 1696 2908 Euripide
1729 2861 1925 2896 Deorum
1957 2862 2236 2909 popularium
2268 2867 2588 2907 contemptore
2621 2862 2736 2897 edidit

430 2927 527 2951 anno
551 2915 655 2961 hujus
678 2915 814 2950 saeculi
838 2917 1011 2951 vicesimo
1035 2923 1156 2953 sexto.

370 2996 399 3040 ¹)
423 2994 602 3032 Valcken.
629 2995 653 3031 l.
679 3007 710 3031 c.
734 3007 771 3043 p.
796 2994 853 3031 96.
879 2995 936 3032 97.
962 3016 1007 3023 —-
1029 3008 1066 3044 p.
1095 2996 1171 3032 114.
1198 3008 1231 3032 a.
1256 3016 1301 3023 —-

369 3076 399 3120 ²)
424 3074 639 3111 Plutarchus
663 3075 698 3109 in
724 3075 825 3122 Syna
848 3076 900 3122 (p.
926 3075 1024 3120 453.)
1047 3076 1251 3123 Euripidem
1275 3084 1384 3113 vocat
1413 3076 1534 3124 σοφὸν
1557 3075 1677 3126 ἄνδρα
1700 3079 1762 3113 καὶ
1787 3081 1983 3116 πολιτικῶν
2015 3077 2238 3126 ἐπιστήμονα
2266 3076 2530 3126 σοφισμάτων;
2561 3078 2647 3114 alibi
2671 3079 2736 3124 (de

426 3132 520 3177 glor.
546 3133 677 3168 Athen.
703 3132 766 3176 V.)
791 3133 972 3179 Aeschylo
998 3134 1161 3170 tribuitur
1189 3132 1327 3181 στόμα,
1352 3133 1520 3181 λογιότης
1542 3137 1738 3183 Sophocli.
1771 3142 1889 3184 σοφία
1912 3138 2081 3185 Euripidi.
2106 3156 2151 3163 —-
2174 3137 2227 3171 Ab
2250 3136 2442 3171 Athenaeo
2467 3136 2532 3180 (cf.
2559 3135 2623 3171 IV.
2653 3136 2731 3171 158.

426 3188 452 3223 f.
477 3209 523 3214 —
546 3189 608 3224 vi.
626 3189 704 3224 270.
723 3201 755 3224 c.
781 3208 826 3214 —-
849 3189 945 3225 Xlll.
964 3189 1043 3226 561.
1063 3193 1115 3234 a.)
1140 3198 1251 3238 poeta
1275 3194 1548 3238 cognominatur
1571 3199 1643 3228 tum
1666 3195 1832 3230 scenicus
1855 3194 2090 3241 philosophus
2114 3200 2186 3227 tum
2209 3194 2367 3239 sapiens.
2391 3212 2438 3218 —-
2461 3192 2508 3229 cf.
2534 3192 2736 3228 Barnesius

426 3244 451 3281 Ι.
483 3257 515 3281 c.
545 3256 582 3293 p.
619 3245 673 3282 13.
706 3243 849 3288 „Quum
879 3246 999 3293 itaque
1032 3246 1112 3282 talis
1144 3252 1334 3294 tantusque
1365 3249 1422 3285 vir
1449 3250 1728 3296 (Anaxagoras)
1760 3250 1807 3286 ob
1844 3250 2110 3298 philosophiam
2140 3248 2245 3285 fuerit
2273 3255 2465 3296 tantopere
2496 3247 2734 3296 periclitatus,

424 3302 517 3338 illius
547 3303 740 3351 discipulus
771 3304 958 3352 Euripides
991 3304 1059 3340 hac
1082 3317 1123 3341 re
1147 3307 1290 3342 territus
1314 3307 1410 3342 illico
1436 3306 1482 3342 ad
1505 3317 1653 3342 scenam
1677 3318 1718 3343 se
1743 3309 1938 3349 convertit,
1972 3306 2254 3343 duodevicennis
2280 3307 2462 3351 existens3
2493 3317 2544 3342 ex
2567 3318 2639 3353 quo
2663 3312 2734 3342 tra·

421 3359 563 3408 goediis
591 3362 851 3414 componendis
879 3363 1075 3410 praecipue
1107 3364 1260 3401 vacavit.
1314 3364 1400 3401 Non
1428 3365 1458 3400 is
1491 3364 1636 3411 quidem
1666 3363 1878 3412 disciplinae
1901 3375 1989 3400 suae
2020 3363 2152 3400 veteris
2184 3360 2419 3407 λειποτιὶκτης
2443 3369 2503 3398 aut
2534 3361 2732 3410 transfuga,
