3117 3854
1324 127 1712 184 ›ta-*5512*

297 263 343 303 et
369 257 680 307 abnhominum
710 254 937 297 consortio
966 255 996 306 ¹)
1016 259 1212 296 remotus
1242 251 1362 293 intus
1391 252 1598 310 domique
1625 253 1670 294 in
1699 252 1984 296 meditatione
2013 255 2187 310 tempus
2218 265 2484 298 consumere
2511 253 2664 299 maluit
2680 267 2739 301 ac
2791 240 2796 245 ¹

298 334 633 394 tranquillitate,
679 345 810 392 quam
837 333 883 375 in
913 331 1012 375 foro
1040 330 1215 375 versari
1242 330 1317 375 vel
1345 330 1565 374 interesse
1593 331 1748 389 populi
1777 331 2086 385 concionibus3
2133 332 2316 376 scholas
2344 333 2495 391 potius
2524 344 2625 377 cum
2653 333 2738 378 Pe-

296 414 407 461 ricle
435 412 716 473 frequentare
745 411 925 456 Prodici
956 409 1058 465 Cei,
1097 408 1289 454 rhetoris
1325 409 1619 464 celeberrimi,
1660 416 1703 454 et
1731 410 2031 469 Anaxagorae
2059 409 2315 473 philosophi
2338 414 2396 468 ²),
2426 425 2558 472 quam
2586 411 2632 457 in
2661 426 2737 458 ca-

298 496 404 540 stris
433 495 696 539 commorari
726 500 770 537 et
798 506 923 536 arma
950 491 1067 536 ferre
1096 492 1141 534 in
1171 491 1339 535 hostes.
1380 490 1568 534 Ardenti
1598 490 1715 533 enim
1745 491 1946 534 discendi
1973 490 2121 534 studio
2150 490 2358 547 impletus
2388 492 2601 536 scientiae
2631 507 2737 537 sua-

297 575 431 619 vitate
462 575 529 618 sic
558 575 810 625 tenebatur,
857 580 904 614 ut
933 586 961 614 a
998 571 1191 628 negotiis
1227 570 1418 627 publicis
1457 570 1591 626 plane
1630 569 1878 612 abhorrens
1907 576 2045 612 totum
2075 586 2126 613 se
2156 569 2419 614 transferret
2446 571 2505 613 ad
2541 555 2737 615 contem-

296 657 538 713 plationem
566 669 714 698 rerum
745 661 788 712 et
808 653 1117 709 cognitionem.
1177 652 1276 694 Hoc
1304 652 1435 707 igitur
1455 652 1601 693 animo
1633 664 1732 692 cum
1762 650 1894 692 etiam
1913 665 2075 707 magna
2101 652 2315 695 librorum
2344 653 2476 708 copia
2493 653 2738 695 instructus

297 743 420 780 esset
444 739 494 788 ³),
515 736 560 777 in
587 733 903 777 bibliothecam
924 747 974 776 se
1003 733 1184 785 abdidit,
1213 738 1261 773 ut
1290 745 1403 787 quae
1432 733 1489 774 ab
1509 731 1735 793 Heraclito
1760 735 1795 783 4)
1817 731 2006 788 aliisque
2025 733 2307 788 philosophis
2328 734 2384 776 de
2403 749 2550 776 rerum
2577 741 2739 777 natura.

297 814 466 871 scripta
504 821 676 866 essent,
717 819 1011 870 cognosceret
1050 818 1092 854 et
1130 811 1244 853 intra
1273 809 1468 866 parietes
1499 810 1724 853 disclusus
1754 825 1909 854 omnes
1948 825 2022 854 res
2061 821 2437 866 perscrutaretur,
2478 828 2593 869 quae
2633 828 2736 870 spe-

296 903 467 939 ctarent
495 897 553 938 ad
583 895 839 938 societatem
867 894 1115 936 humanam.

432 974 563 1015 Unde
592 988 681 1013 non
711 974 888 1024 mirum,
933 973 1007 1029 qui
1037 980 1157 1012 tanto
1188 970 1427 1012 meditandi
1463 969 1608 1010 studio
1639 969 1871 1024 flagraret,
1919 978 2112 1010 mentem
2152 985 2277 1011 suam
2305 972 2364 1012 ad
2393 986 2492 1012 eam
2520 973 2737 1027 imprimis

296 1054 528 1110 appulisse
556 1052 899 1107 philosophiam,
931 1066 1061 1107 quam
1092 1065 1245 1092 omnes
1277 1049 1557 1091 consentiunt
1577 1048 1767 1089 maxima
1796 1049 1963 1104 ingenii
1992 1063 2048 1090 ac
2077 1050 2237 1091 mentis
2257 1051 2354 1091 acic
2385 1054 2736 1093 commendatam

295 1131 450 1174 fuisse.
509 1125 805 1185 Anaxagoras
837 1130 953 1171 enim
984 1129 1312 1180 Clazomenius,
1343 1143 1474 1183 quem
1503 1141 1558 1169 eo
1588 1134 1786 1181 tempore
1815 1128 2004 1170 Athenis
2035 1136 2380 1171 commorantem
2408 1130 2738 1185 philosophiam

297 1212 508 1252 docuisse
546 1203 820 1267 accepimus,
870 1210 1032 1252 multos
1070 1224 1237 1267 eosque
1276 1209 1580 1250 nobilissimos
1610 1208 1733 1249 viros
1778 1222 1875 1249 cum
1911 1210 1956 1249 in
2001 1223 2111 1251 suae
2157 1210 2420 1265 disciplinae
2463 1213 2738 1253 consortium

294 1291 558 1348 pellexisset
576 1295 627 1343 ⁵),
656 1299 893 1346 praestans
925 1291 1042 1333 omni
1074 1299 1118 1333 ct
1147 1290 1280 1332 studii
1310 1297 1352 1332 et
1382 1289 1515 1330 animi
1543 1288 1676 1330 laude
1706 1301 1815 1343 prae
1847 1289 2005 1331 ceteris
2025 1289 2283 1344 Euripidem
2312 1291 2559 1342 commovit,
2590 1292 2663 1333 cui
2692 1299 2738 1334 et

276 1372 497 1428 *ejusdem
526 1371 659 1412 studii
688 1385 883 1413 amorem
913 1371 1131 1428 insignem
1161 1370 1332 1427 injecit,
1378 1383 1464 1426 quo
1502 1369 1599 1425 ipse
1630 1369 1930 1425 investigabat
1958 1380 2103 1412 rerum
2132 1379 2355 1421 naturam,
2400 1379 2444 1413 et
2473 1373 2660 1415 eandem
2689 1373 2736 1414 in

295 1451 414 1492 omni
443 1465 491 1492 re
522 1451 803 1492 severitatem
833 1451 966 1491 animi
996 1451 1069 1492 vel
1098 1450 1374 1498 moestitiam,
1406 1463 1536 1505 quam
1566 1450 1664 1503 ipse
1694 1463 1803 1504 prae
1835 1463 1885 1490 se
1915 1448 2099 1491 serebat.
2175 1450 2343 1492 Eadem
2372 1451 2417 1491 in
2447 1458 2633 1507 utraque
2663 1467 2734 1494 re-

293 1544 391 1572 rum
419 1530 637 1572 fluxarum
667 1529 946 1584 contemptio,
977 1530 1133 1571 eadem
1162 1529 1295 1570 animi
1325 1529 1548 1583 aequitas,
1578 1529 1695 1570 idem
1726 1528 1939 1570 coelestis
1969 1529 2139 1583 patriae
2169 1543 2294 1571 amor
2311 1533 2362 1580 ὓ).

369 1701 399 1743 ¹)
423 1700 595 1744 Mochop.
620 1699 644 1734 l.
670 1712 701 1734 c.
727 1698 945 1744 σκυθρωπὸς
968 1698 1007 1733 δὲ
1034 1698 1072 1733 τὸ
1102 1698 1197 1736 εἶδος
1224 1694 1266 1740 ἧν
1289 1699 1347 1732 καὶ
1373 1697 1524 1743 ι’μειδὴς
1547 1699 1608 1732 καὶ
1633 1695 1784 1743 φεύγων
1807 1697 1869 1737 τὰς
1891 1701 2099 1737 συνουσίας.
2121 1696 2210 1734 ὅθεν
2232 1700 2293 1734 καὶ
2308 1697 2511 1745 μισογύνης
2535 1696 2734 1742 ἐδοξάσθη.

427 1776 473 1782 -
496 1753 598 1791 Suid.
624 1767 653 1790 s.
680 1765 715 1790 v.
741 1753 954 1802 Εὐριπίδης.
1003 1753 1031 1789 Τ
1035 1754 1130 1791 hom.
1164 1753 1215 1791 M.
1243 1754 1267 1791 Ι.
1294 1768 1325 1791 c.
1360 1749 1402 1799 ἧν
1426 1754 1465 1790 δὲ
1500 1750 1655 1794 σύννους
1685 1755 1747 1790 καὶ
1779 1752 1962 1802 στρυφνὸς
1992 1753 2031 1790 τὸ
2064 1749 2155 1799 ἦθος
2185 1756 2247 1791 καὶ
2276 1752 2514 1804 σκυθρωπὸς,
2544 1754 2641 1791 καθα
2670 1758 2734 1791 καὶ

421 1809 683 1858 Ἀριστοφάνης
707 1808 883 1847 σκώπτων
907 1814 1032 1857 φησίν·
1079 1810 1272 1858 Στρι·ι[νὸς
1296 1811 1421 1859 ἔμοιγε
1447 1813 1659 1858 προσειπεῖν
1682 1809 1896 1857 Εὐριπίδης.

371 1881 400 1924 ²)
425 1879 506 1914 Aul.
525 1879 618 1914 Gell.
637 1879 744 1914 Noct.
763 1880 834 1914 Att.
860 1879 941 1915 XV.
960 1880 1015 1913 20.
1037 1879 1185 1914 Auditor
1209 1879 1273 1914 suit
1295 1879 1433 1927 physici
1458 1881 1703 1924 Anaxagorae
1729 1886 1764 1913 et
1788 1879 1934 1914 Prodici
1959 1880 2124 1917 rhetoris.
2150 1881 2185 1914 in
2211 1880 2336 1914 morali
2361 1886 2477 1914 autem
2501 1880 2734 1927 philosophia.

428 1936 603 1970 Socratis.
628 1954 674 1960 —
697 1936 847 1981 Dionys.
868 1937 913 1971 11.
932 1938 1007 1970 Art.
1027 1936 1117 1971 rhet.
1136 1949 1167 1970 c.
1187 1936 1249 1971 Xl.
1273 1956 1318 1960 —
1342 1936 1449 1980 Diog.
1471 1936 1594 1970 Laert.
1623 1935 1665 1970 ll.
1687 1935 1741 1970 10.
1767 1954 1812 1960 --
1836 1935 1880 1970 ll.
1900 1936 1956 1970 45.
1981 1956 2026 1961 —
2050 1937 2195 1971 lleracl.
2212 1937 2320 1971 Pont.
2337 1948 2373 1981 p.
2393 1937 2448 1971 77.
2468 1937 2543 1979 (ed.
2563 1937 2732 1979 Schow.)

371 2003 402 2049 ³)
427 2003 653 2039 Recensetur
675 2003 863 2055 Euripides
888 2007 981 2039 inter
1005 2003 1260 2039 celeberrimos
1292 2004 1461 2039 librorum
1493 2009 1772 2039 coacervatores
1805 2015 1884 2039 cum
1908 2003 2076 2049 Pergami
2102 2004 2262 2049 regibus,
2295 2016 2374 2039 cum
2397 2005 2592 2040 Aristotele
2615 2005 2734 2051 philo·

427 2060 561 2108 sopho,
587 2072 665 2096 cum
691 2061 781 2097 aliis.
809 2061 854 2097 cs.
882 2061 1012 2096 Athen.
1040 2060 1065 2094 l.
1092 2063 1122 2096 3.
1146 2081 1192 2087 —
1214 2061 1334 2108 Eurip.
1360 2061 1468 2109 llipp.
1493 2073 1528 2097 v.
1554 2061 1631 2096 451.
1660 2058 1737 2095 ὅσοι
1763 2062 1834 2108 μὲν
1859 2056 1925 2097 οὖν
1948 2059 2093 2107 γραφάς
2116 2073 2151 2095 τε
2175 2063 2246 2096 τῶν
2269 2063 2497 2109 παλαιτέρων

1668 2118 1833 2163 ἔχουσιν,
1859 2117 1965 2154 ‹ct-tot
1985 2118 2105 2154 τέἰσὶν
2128 2118 2167 2153 ἐν
2188 2115 2346 2165 μούσαις
2368 2118 2437 2161 ἀεὶ,
2461 2131 2518 2165 sq.

369 2188 402 2235 ⁴)
426 2188 534 2237 Diog.
560 2187 683 2224 Laert.
713 2187 755 2223 ll.
782 2188 815 2230 S.
841 2187 897 2222 22.
924 2187 1015 2234 ([ασὶ
1042 2186 1285 2233 δ”ΙΣῦριπίὸην
1309 2185 1405 2233 αι’-τῷ
1424 2185 1638 2232 [Σωκράτει]
1665 2187 1776 2225 δόντα
1801 2189 1865 2222 τοῦ
1886 2185 2117 2235 (Πρακλείτου
2143 2184 2371 2234 σύγγραμμα
2397 2187 2545 2236 ἔρεσθαι
2572 2190 2638 2230 ,,τί
2658 2187 2737 2222 δὀ-

427 2250 540 2288 κεῖ;“
565 2245 629 2281 τὸν
653 2246 694 2280 δὲ
720 2243 835 2290 alsium
860 2242 910 2283 ..ιί’
934 2245 1004 2291 μὲν
1028 2246 1186 2286 συνῆκα,
1209 2248 1372 2289 γενναῖα·
1398 2245 1498 2290 οἶμαι
1525 2245 1567 2279 δὲ
1590 2248 1651 2279 καὶ
1675 2242 1699 2279 ιῖ
1721 2244 1778 2293 μὴ
1803 2246 2015 2287 συνῆκα.“

371 2316 401 2362 ³)
426 2317 670 2362 Anaxagorae
694 2312 913 2361 philosopho
938 2311 1194 2347 celeberrimos
1216 2322 1256 2346 se
1272 2313 1388 2350 viros.
1415 2314 1473 2359 qui
1499 2314 1614 2348 isthac
1639 2320 1756 2348 aetate
1780 2312 1995 2353 floruerunt,
2019 2312 2160 2358 penitus
2186 2310 2391 2356 addixisse,
2415 2323 2489 2347 non
2513 2313 2735 2358 ignoramus,

430 2372 497 2405 sed
519 2371 693 2411 Pericles,
726 2370 973 2406 Democritus.
1005 2369 1222 2406 Archelaus.
1257 2369 1502 2415 Thucydides.
1537 2371 1725 2410 Socrates,
1757 2369 1841 2414 quid
1874 2369 2062 2402 debuerint
2093 2369 2225 2413 singuli
2255 2369 2474 2416 philosopho
2504 2371 2734 2416 praeceptori

430 2438 593 2474 quosque
618 2427 653 2460 in
678 2437 762 2459 usus
788 2425 1029 2458 converterint
1053 2424 1129 2469 ejus
1152 2424 1362 2466 doctrinam,
1389 2426 1503 2459 minus
1528 2426 1650 2471 liquet.
1678 2445 1721 2449 —
1746 2425 1793 2459 cf.
1821 2425 2050 2460 Schaubach.
2083 2425 2211 2471 fragm.
2238 2427 2483 2472 Anaxagorae
2500 2437 2535 2471 p.
2558 2426 2732 2460 15—31.

368 2497 401 2539 ⁶)
426 2496 472 2530 cf.
513 2495 747 2528 Valckenarii
785 2493 934 2526 diatribe
970 2493 1006 2526 in
1043 2493 1219 2536 Euripidis
1257 2492 1429 2537 perditor.
1469 2494 1622 2528 dramat.
1661 2494 1829 2537 reliquias
1867 2505 1904 2539 p.
1937 2494 1993 2528 25.
2034 2506 2065 2527 c.
2111 2494 2285 2538 ..ingenio
2323 2506 2467 2540 quoque
2502 2494 2733 2538 moribusque

428 2552 664 2599 praeceptori
697 2550 908 2597 discipulum
939 2550 1101 2596 suspicor
1132 2548 1241 2584 tuisse
1271 2549 1499 2586 simillimum.
1554 2551 1749 2597 Utriusque
1773 2550 1996 2585 lineamenta
2027 2549 2108 2584 duci
2143 2550 2236 2586 sorte
2267 2557 2417 2598 possent
2447 2550 2634 2585 nonnulla:
2674 2549 2733 2584 hic

426 2609 514 2644 satis
543 2609 610 2643 erit
640 2619 747 2643 unum
780 2607 952 2652 attigisse.
998 2605 1054 2640 De
1079 2606 1302 2650 Anaxagora
1326 2605 1494 2641 Aelianus
1518 2605 1605 2642 Var.
1632 2607 1721 2642 Hist.
1746 2606 1841 2643 vm.
1872 2607 1925 2643 13.
1959 2605 2209 2653 Ἀναξαγόραν
2241 2609 2334 2654 ([ιισὶ
2364 2606 2416 2655 μὴ
2450 2604 2609 2653 γελῶντά
2642 2618 2731 2643 ποτε

428 2665 606 2713 ὀφθῆναι,
631 2664 725 2712 μηδὲ
749 2664 947 2711 μειδιῶντα
972 2662 1035 2705 τὴν
1059 2659 1186 2708 ἀρχήν·
1212 2662 1282 2697 duo
1308 2663 1415 2709 ipsius
1441 2663 1621 2710 discipuli.
1655 2665 1801 2711 ingenia
1826 2664 2007 2712 capitalia.
2033 2664 2196 2700 Pericles
2221 2671 2256 2699 et
2279 2664 2463 2712 Euripides
2488 2663 2595 2697 etiam
2619 2662 2733 2698 fuisse

427 2722 590 2756 seruntur
618 2721 826 2766 ἀγέλαστοι.
877 2720 933 2753 De
966 2720 1119 2764 Tragico
1152 2721 1250 2753 testis
1281 2726 1335 2753 est
1368 2719 1460 2764 apud
1492 2720 1571 2752 Aul.
1605 2720 1700 2754 Gell.
1735 2720 1860 2763 (Noct.
1894 2722 1966 2754 Att.
1993 2720 2073 2755 XV.
2099 2721 2173 2764 20.)
2197 2721 2408 2754 Alexander
2437 2720 2604 2754 Aetolus:
2625 2717 2667 2754 ‘0
2690 2718 2726 2752 d*

420 2774 668 2825 Ἀναξαγόρου
691 2774 871 2824 τρόφιμος
890 2779 1002 2822 χαιοῦ
1027 2775 1210 2823 στρυφνὸς
1233 2776 1302 2823 μὲν
1327 2775 1449 2824 ἓμοίγε
1475 2780 1700 2823 προσειπεῖν.
1726 2779 1786 2812 καὶ
1809 2780 2026 2824 μισογέλως,
2051 2779 2109 2812 καὶ
2135 2776 2307 2818 τωθὰζειν
2331 2775 2420 2812 οὐδὲ
2443 2775 2524 2822 παρ’
2546 2775 2648 2811 οἶνον
2661 2788 2734 2821 με-

424 2832 600 2884 μαθηκώς
615 2855 658 2861 --
677 2835 751 2870 Viri
768 2835 890 2882 optimi
905 2836 1161 2880 Anaxagorae,
1179 2845 1283 2881 quem
1302 2838 1441 2869 constat
1458 2834 1582 2868 omnia
1597 2835 1846 2882 postposuisse
1864 2834 2026 2870 discendi
2044 2833 2310 2881 quaerendique
2327 2833 2471 2868 divinae
2487 2831 2733 2878 delectationi,

428 2893 550 2939 imago
574 2891 751 2938 Euripidis
778 2892 917 2934 animo,
949 2892 984 2925 ni
1010 2891 1136 2933 fallor,
1170 2891 1450 2927 observabatur.
1483 2890 1566 2924 dum
1590 2890 1805 2938 Philosophi
1837 2892 1942 2927 nobis
1964 2891 2104 2938 physici
2129 2891 2253 2926 laudes
2281 2896 2429 2924 caneret
2451 2894 2487 2922 et
2510 2888 2733 2923 Geometrae

426 2953 463 2985 in
486 2950 665 2989 versibus,
689 2961 779 2996 quos
805 2960 853 2982 ex
878 2950 1014 2983 incerto
1040 2949 1200 2982 dramate
1224 2950 1384 2983 servavit
1402 2948 1516 2983 Clem.
1535 2948 1643 2983 Alex.
1662 2948 1798 2983 Strom.
1818 2949 1878 2984 lv.
1896 2960 1929 2995 p.
1952 2949 2058 2983 (53421
2082 2969 2127 2974 —
2152 2948 2203 2983 ld.
2222 2948 2245 2982 Ι.
2262 2959 2292 2982 c.
2309 2959 2346 2993 p.
2364 2946 2421 2981 28.
2440 2958 2474 2982 a.
2502 2945 2567 2988 „ln
2584 2948 2733 2981 Anaxa·

429 3019 542 3053 gorae
559 3005 687 3042 schola
712 3005 861 3052 ejusque
879 3005 1050 3051 exemplo
1068 3004 1242 3040 didicerat
1257 3005 1456 3052 Euripides,
1479 3004 1803 3052 praemeditatione
1821 3004 2019 3040 futurorum
2043 3004 2216 3040 malorum
2239 3003 2352 3038 lenire
2370 3008 2497 3038 eoru'm
2520 3002 2733 3040 adventum:

426 3063 498 3100 hoc
526 3062 563 3098 in
594 3063 669 3098 vita
700 3062 908 3109 quotidiana
937 3061 1091 3109 perutile
1121 3062 1291 3098 monitum
1322 3074 1344 3097 a
1374 3063 1453 3098 viro
1485 3074 1525 3098 se
1551 3061 1719 3097 didicisse
1740 3062 1907 3110 sapiente
1937 3061 2003 3098 sub
2029 3061 2158 3097 Thesei
2182 3071 2341 3108 persona
2368 3065 2518 3096 testatus
2547 3059 2583 3096 in
2607 3072 2735 3103 scena,

425 3121 686 3166 Anaxagoram
709 3120 834 3154 Atticis
859 3119 1121 3167 spectatoribus
1145 3120 1367 3154 notissimum
1393 3120 1631 3166 designavit.“
1654 3138 1700 3144 ——
1724 3119 1806 3154 Hoc
1829 3119 1912 3154 loco
1937 3119 2105 3154 convenit
2129 3118 2285 3152 breviter
2309 3118 2484 3164 attigisse.
2509 3116 2736 3152 familiaritas

427 3184 563 3222 quanta
587 3179 832 3212 intercesserit
856 3180 948 3212 inter
963 3178 1167 3223 Euripidem
1195 3190 1238 3211 ac
1263 3179 1464 3215 Socratem,
1490 3177 1748 3211 nobilissimum
1773 3178 1902 3210 aetatis
1924 3178 2037 3210 virum
2062 3175 2286 3219 eundemque
2310 3175 2558 3218 Anaxagorae
2581 3173 2737 3219 discipu·

426 3232 513 3268 lum.
547 3233 616 3267 Hic
642 3234 735 3267 enim
761 3233 825 3267 suit
848 3233 1128 3267 studiosissimus
1151 3234 1341 3281 Euripidis,
1367 3240 1404 3268 ut
1426 3233 1579 3267 Aeliano
1604 3239 1697 3267 teste
1722 3232 1825 3277 (Var.
1849 3232 1941 3268 Ilist.
1968 3232 2010 3268 ll.
2033 3232 2105 3274 13.)
2131 3238 2331 3266 ceterorum
2353 3237 2544 3278 poetarum
2568 3237 2737 3266 constan-

426 3294 482 3324 ter
498 3287 682 3325 abstinens
700 3290 759 3325 uni
775 3289 935 3337 Euripidi
953 3301 1100 3336 operam
1124 3297 1287 3326 navaret.
1307 3289 1353 3326 cf.
1372 3289 1549 3326 Valcken.
1567 3290 1590 3326 l.
1609 3303 1641 3326 c.
1660 3302 1697 3338 p.
1719 3289 1773 3326 14.
1793 3289 1828 3326 b.
1846 3296 1883 3326 et
1898 3290 1952 3325 25.
1971 3289 2006 3332 b,
2031 3288 2091 3324 ubi
2115 3287 2223 3325 haec:
2251 3287 2453 3335 „Singulae
2473 3287 2737 3337 propemodum

426 3345 604 3392 Euripidis
628 3350 775 3395 γνῶμαι
798 3348 904 3383 nobis
929 3352 1144 3392 monstrant,
1169 3347 1267 3394 quod
1290 3353 1327 3383 et
1351 3347 1496 3383 aliunde
1519 3358 1757 3393 noveramus,
1787 3348 1824 3382 in
1848 3347 2009 3382 Socratis
2031 3346 2129 3381 illum
2153 3347 2355 3382 exereitum
2379 3346 2492 3382 fuisse
2514 3347 2738 3393 palaestra.“

2440 3403 2464 3426 t)

2441 3425 2465 3439 C
