3117 3854
1339 109 1582 165 &24
1648 119 1762 163 mei<

321 234 523 292 praemio
553 233 746 277 afficitur
774 249 802 277 a
829 233 976 277 Diana
1013 238 1058 285 ¹).
1116 232 1216 276 Jam
1245 233 1345 290 quis
1376 239 1463 284 est,
1503 232 1609 290 quin
1639 232 1821 286 sentiat,
1858 231 1983 276 nullo
2018 235 2152 278 modo
2180 234 2449 280 luculentius
2478 235 2535 279 ab
2565 234 2777 293 Euripide

323 316 549 361 declarari
577 316 796 373 potuisse,
836 329 950 372 quae
972 300 1035 358 'et
1070 321 1236 372 quanta
1276 313 1333 358 sit
1372 313 1515 371 partis
1555 312 1732 358 divinae
1773 320 1816 358 et
1851 319 2055 359 terrenae
2093 306 2405 361 dissimilitudo
2442 324 2487 363 et
2524 315 2779 362 conflictio?

322 395 550 441 hominum
579 395 754 438 scilicet
782 401 981 438 naturam
1010 396 1141 438 modo
1171 395 1277 446 hac,
1306 395 1439 438 modo
1471 393 1549 437 illa
1579 394 1680 437 duci
1709 401 1753 436 et
1782 402 2044 451 occupatam
2072 396 2213 439 teneri
2245 395 2313 447 ²)?

462 476 545 520 His
576 477 631 520 de
664 474 907 534 Hippolyto
938 474 1091 519 sabula
1120 483 1164 519 et
1202 474 1435 533 Iphigenia
1466 474 1697 519 Aulidensi
1734 476 1962 533 copiosius
2000 476 2131 521 dictis
2171 491 2270 519 cum
2306 475 2497 534 largam,
2538 492 2653 535 quae
2690 477 2779 522 huc

324 556 530 614 pertinet,
560 555 789 599 materiam
817 556 933 599 intra
960 556 1163 600 modicos
1191 555 1327 614 hujus
1356 555 1494 600 libelli
1523 556 1635 599 fines
1657 564 1928 600 coarctatam
1947 558 2198 602 necessitas
2228 558 2285 602 sit
2303 558 2596 615 proponendi,
2617 558 2781 603 sufficit

323 636 486 695 paucis
518 649 886 685 commemorare,
924 635 1112 680 eandem
1150 635 1312 680 mentis
1340 635 1668 680 vacillationem
1697 649 1753 679 ac
1782 636 2067 681 mutationem
2106 638 2237 681 ctiam
2272 637 2378 680 alibi
2408 637 2622 692 describi,
2657 637 2782 680 velut

323 717 371 760 in
398 717 715 760 Andromacha
747 724 791 760 et
821 717 982 760 Oreste
1012 716 1192 760 fabulis.
1243 717 1480 758 Hermione
1511 717 1640 768 enim,
1669 717 1866 760 Menelai
1894 717 1995 769 filia,
2026 733 2127 760 cum
2158 733 2372 776 perquam
2401 719 2515 762 irata
2539 721 2585 760 in
2603 718 2778 761 Andro-

323 796 542 851 macham,
571 797 716 840 mariti
746 797 1055 851 concubinam,
1084 797 1229 853 ipsam
1259 811 1357 838 cum
1386 795 1476 837 filio
1506 797 1636 839 morti
1665 798 1839 840 tradere
1859 796 2006 849 vellet,
2035 797 2187 853 paullo
2214 806 2318 854 post
2345 806 2491 842 mente
2520 804 2685 841 mutata
2712 797 2777 840 in-

314 876 442 933 justa
472 890 523 919 se
552 876 746 919 molitam
766 875 931 928 fuisse,
963 877 1096 918 sentit
1125 876 1312 930 penitus.

663 955 879 997 Androm.
910 970 952 998 v.
983 954 1080 998 815.
1828 968 1870 995 v.
1901 953 1998 996 838.

739 1069 826 1078 ......
849 1034 923 1078 καὶ
953 1034 1007 1078 τὰ
1037 1033 1140 1092 πρὶν
1171 1032 1419 1093 δεδραμένα
1692 1033 1803 1076 κατὰ
1832 1033 1912 1089 μὲν
1943 1028 2021 1077 οὖν
2051 1032 2185 1077 στένω
2217 1033 2348 1086 δαΐας
2377 1031 2554 1091 τόλμας,

526 1109 687 1170 ἔγνωκε
717 1110 911 1172 affligat?
946 1109 998 1158 οὗ
1026 1113 1185 1164 καλῶς.
1697 1107 1750 1156 ἃν
1779 1109 1911 1172 ἔρεξ’,
1944 1107 1978 1155 ὦ
2008 1110 2255 1172 κατάρατος

1689 1190 1794 1249 ἐγώ,
1824 1188 2071 1251 κατάρατος
2101 1188 2323 1252 ἀνδράσιν.

461 1270 673 1314 Similiter
704 1272 890 1314 Orestes
921 1284 1057 1314 caesa
1086 1277 1227 1313 matre
1257 1270 1530 1327 poenitentia
1559 1284 1731 1314 summa
1759 1277 1959 1315 vexatur.

531 1349 673 1394 Orest.
705 1365 745 1394 v.
775 1349 874 1394 288.
1755 1362 1796 1393 v.
1827 1348 1923 1393 394.

400 1424 539 1485 Οἶμαι
568 1430 629 1483 δὲ,
662 1427 835 1490 πατέρα
859 1429 934 1473 τὸν
965 1429 1084 1486 ἐμὸν,
1117 1427 1155 1472 εἰ
1182 1426 1278 1472 κατ’
1303 1425 1482 1485 ὄμματα
1618 1429 1782 1473 Μ81181.
1815 1427 1858 1473 τί
1884 1432 2033 1489 χρῆμα
2064 1425 2269 1485 πάσχεις;
2291 1425 2358 1481 τίς
2389 1426 2431 1472 σ’
2466 1425 2710 1472 ἀπόλλυσιν

389 1505 642 1567 ἐξιστόρουν
671 1526 751 1562 νιν,
780 1506 936 1568 μητέρ’
971 1507 1011 1552 εἶ
1040 1506 1204 1551 κτεῖναί
1231 1526 1285 1564 με
1312 1509 1410 1568 χρὴ,
2376 1507 2527 1564 νόσος,·

389 1587 564 1640 πολλὰς
593 1585 764 1647 γενείου
793 1584 918 1633 τοῦδ’
954 1583 1009 1631 ἂν
1035 1587 1219 1632 ἐκτεῖναι
1249 1588 1385 1640 λιτὰς,
1622 1589 1768 1631 Orest.
1800 1585 1826 1645 ἡ
1860 1584 2050 1640 σύνεσις,
2092 1586 2160 1631 ὅτι
2200 1584 2381 1631 σύνοιδα
2412 1584 2519 1631 δείν’
2553 1586 2710 1647 ἐργασ-

389 1664 566 1725 μηπότε
596 1663 807 1725 τεκούσης
836 1665 900 1718 εἷς
928 1666 1102 1726 σφαγὰς
1133 1662 1247 1710 ὦσαι
1278 1666 1422 1726 ξίφος,
2383 1666 2527 1723 μένος.

389 1743 430 1788 εἶ
458 1742 562 1802 μήτ’
596 1745 762 1796 ἐκεῖνος
792 1742 1024 1800 ἀναλαβεῖν
1054 1741 1217 1802 ἤμελλε
1249 1749 1360 1804 φῶς,
1619 1746 1784 1789 Menel.
1816 1749 1913 1797 πῶς
1950 1750 2059 1805 φῇς
2099 1744 2240 1805 σοφόν
2277 1763 2347 1790 τοι
2376 1746 2426 1789 τὸ
2455 1745 2615 1804 σαφές,
2658 1741 2710 1789 οὗ

390 1822 477 1883 ἐγὼ
508 1820 549 1868 δ’
584 1820 607 1866 ὃ
639 1820 816 1881 τλήμων
844 1821 989 1867 τοιάδ’
1024 1822 1260 1881 ἐκπλήσειν
1289 1823 1415 1869 κακά.
2391 1824 2441 1867 τὸ
2460 1824 2522 1882 μὴ
2553 1822 2709 1884 σαφές.

1620 1905 1767 1948 Orest.
1798 1903 1928 1964 λύπη,
1954 1903 2146 1961 μάλιστά
2162 1902 2203 1963 γ’
2234 1902 2260 1961 ἡ
2282 1901 2618 1963 διαφθείρουσά
2641 1921 2712 1959 με.

459 1983 554 2026 Sed
573 1985 671 2039 jam
699 1984 894 2026 animum
924 1998 1095 2039 quaeso
1124 1984 1315 2037 referas,
1356 1985 1473 2027 unde
1513 1982 1666 2040 paullo
1698 1984 1879 2028 deflexit
1907 1985 2062 2028 oratio.
2121 1983 2408 2028 Substitimus
2438 1984 2555 2028 enim
2588 1984 2634 2026 in
2671 1996 2776 2027 enu-

322 2061 514 2106 cleanda
542 2062 826 2119 quaestione,
867 2077 1000 2119 quam
1028 2062 1295 2107 instituimus
1326 2064 1380 2107 de
1414 2078 1469 2107 ea
1497 2063 1694 2108 aetheris
1724 2070 1866 2119 parte,
1906 2078 2020 2121 quae
2059 2063 2114 2107 de
2155 2062 2284 2107 coelo
2313 2069 2537 2120 tamquam
2566 2062 2622 2105 de
2650 2068 2777 2118 patre

400 2252 429 2296 ¹)
455 2253 526 2292 ζῶν
549 2251 586 2286 ‹5‘
616 2251 655 2287 ἐν
677 2255 799 2287 θεοῖσι
824 2251 892 2288 σὸν
913 2253 1040 2300 μένειν
1064 2249 1194 2301 φράζει
1218 2255 1318 2293 τέκος
1342 2254 1394 2297 (ν.
1425 2253 1553 2298 1614.).

399 2332 431 2374 ²)
456 2330 736 2366 Conflictionem
763 2337 799 2366 et
829 2333 1105 2378 repugnantiam
1136 2333 1260 2374 istam,
1294 2344 1387 2378 quae
1412 2333 1457 2368 sit
1480 2333 1516 2368 in
1540 2332 1727 2368 hominum
1750 2337 1894 2374 natura,
1924 2343 2004 2367 cum
2036 2331 2244 2367 describere
2275 2331 2389 2367 vellet
2411 2331 2600 2379 Euripides
2632 2337 2669 2366 et
2691 2336 2777 2366 ante

458 2387 585 2422 oculos
609 2398 760 2433 ponere..
786 2393 885 2422 recte
903 2387 1080 2433 jttdicavit
1104 2388 1329 2435 Sophocles,
1355 2400 1434 2424 cum
1460 2389 1614 2431 diceret,
1638 2400 1815 2436 personas
1839 2399 1896 2431 se,
1921 2388 2047 2434 quales
2072 2399 2155 2423 esse
2179 2394 2362 2434 oporteat,
2386 2399 2611 2434 proponere.
2638 2388 2776 2433 Euripi-

458 2442 554 2485 dem,
579 2442 707 2489 quales
730 2443 801 2477 sint
825 2442 889 2488 (cl'.
915 2443 1063 2479 Aristot.
1091 2443 1137 2478 (18
1162 2450 1229 2480 art.
1253 2450 1352 2493 poet.
1377 2445 1431 2480 25.
1465 2440 1545 2481 οἷον
1567 2447 1630 2479 καὶ
1653 2446 1849 2491 Σοφοκλῆς
1872 2445 1944 2491 ἔφη
1969 2442 2076 2482 αὐτὸς
2097 2444 2168 2491 μὲν
2192 2445 2291 2482 οἴους
2321 2444 2382 2478 δεῖ
2411 2446 2542 2487 ποιεῖν,
2567 2442 2778 2492 Εὐριπίδην

459 2499 502 2532 δὲ
528 2495 604 2533 οἶοί
625 2501 748 2541 εἰσιν),
771 2500 838 2532 sed
863 2502 977 2533 minus
1002 2507 1102 2534 recte
1119 2502 1292 2546 Stagirita
1315 2504 1405 2548 ipse,
1430 2504 1518 2536 vitio
1543 2510 1693 2536 vertens
1717 2502 1887 2547 Euripidi,
1911 2512 2006 2546 quae
2027 2500 2283 2546 philosophiae
2299 2500 2500 2536 rationibus
2516 2500 2643 2535 ductus
2666 2506 2777 2547 poeta

458 2556 612 2591 consilio
637 2556 850 2591 instituerat.
876 2556 1000 2599 (Arist.
1026 2556 1051 2592 l.
1079 2570 1111 2592 c.
1141 2558 1193 2594 15.
1220 2558 1291 2593 ἔστι
1319 2559 1361 2594 δὲ
1386 2556 1624 2606 παράδειγμα
1656 2561 1830 2606 πονηρίας
1858 2556 1930 2606 μὲν
1966 2552 2080 2602 ἤθους
2108 2554 2162 2605 μὴ
2192 2554 2397 2603 ἀναγκαῖον
2427 2550 2507 2593 οἷον
2536 2553 2555 2592 ὁ
2584 2556 2778 2596 Μενέλαος

458 2608 478 2646 ὁ
497 2611 538 2648 ἓν
559 2612 609 2658 τῷ
629 2610 792 2660 Ὀρέστῃ,
816 2612 880 2646 τοῦ
902 2611 944 2647 δὲ
971 2610 1161 2659 ἀπρεποῦς
1181 2615 1242 2649 καὶ
1264 2613 1315 2662 μὴ
1347 2612 1593 2662 ἁρμάῐῐοντος
1626 2612 1645 2650 ὅ
1675 2626 1711 2650 τε
1740 2616 1875 2661 θρῆνος
1893 2610 2099 2652 Ὀδὺσσεως
2131 2613 2170 2647 ἓν
2197 2614 2241 2661 τῇ
2264 2611 2411 2660 Σκύλλῃ
2441 2614 2502 2646 καὶ
2532 2610 2552 2656 ἡ
2576 2615 2778 2648 Μελανίπ-

456 2682 527 2711 πης
558 2670 671 2711 ῥῆσις,
699 2671 764 2702 τοῦ
796 2669 838 2703 δὲ
871 2668 1073 2715 ἀνωμάλου
1097 2669 1118 2712 ἡ
1143 2671 1184 2705 ἐν
1206 2672 1341 2706 Autan
1366 2672 1576 2717 Ἰφιγένεια.
1610 2671 1722 2706 οὐδὲν
1752 2671 1823 2717 γὰρ
1846 2672 1965 2707 ἔοικεν
1992 2668 2014 2713 ἡ
2039 2667 2249 2705 ἱκετεύουσα
2280 2671 2323 2717 τῇ
2349 2668 2526 2715 ὑστέρῳ).
2566 2669 2670 2705 Haec
2700 2670 2775 2715 qui-

459 2725 542 2762 dem
566 2724 827 2773 interpretandi
851 2725 961 2769 ratio,
994 2736 1100 2773 quam
1127 2738 1196 2773 ego
1221 2728 1413 2776 proposui,
1445 2728 1524 2777 ipsa
1546 2726 1726 2776 Euripidis
1749 2725 1981 2776 philosophia
2004 2724 2255 2771 confirmatur,
2279 2725 2346 2761 sed
2370 2725 2554 2774 discrepat
2578 2736 2601 2760 a
2623 2724 2776 2760 Bouter-

458 2782 600 2817 weckio
626 2793 669 2816 ac
692 2782 916 2829 Schlegelio.
963 2782 1034 2818 Fac
1058 2784 1153 2818 enim
1178 2784 1293 2831 legas,
1319 2785 1365 2819 de
1391 2786 1519 2819 eadem
1544 2786 1667 2820 sabula
1691 2795 1784 2829 quae
1808 2785 1853 2819 ab
1877 2786 1954 2819 istis
1979 2784 2167 2820 docentur.
2217 2784 2311 2830 Ipse,
2337 2785 2386 2818 ait
2410 2784 2710 2819 Bouterweckiuz
2734 2783 2776 2826 (1.

457 2850 490 2874 8.
515 2850 554 2886 p.
579 2838 676 2882 25),
708 2839 807 2884 quod
838 2840 873 2874 in
900 2851 1037 2875 morum
1061 2840 1305 2887 descriptione
1330 2843 1468 2887 tragica
1490 2842 1675 2887 peccavit.
1709 2840 1967 2876 admirabiliter
1991 2841 2152 2876 correxit
2177 2841 2211 2875 iu
2236 2840 2424 2887 Iphigenia
2446 2839 2649 2875 Aulidensi.
2696 2838 2777 2874 Pri·

456 2907 553 2929 mum
578 2896 675 2928 enim
700 2906 919 2941 generosam
944 2897 1119 2941 virginem
1145 2899 1249 2932 morti
1270 2898 1453 2932 devotam
1477 2905 1548 2932 tam
1575 2897 1734 2932 timidam
1759 2902 1901 2942 tamque
1925 2896 2045 2943 pusilli
2069 2897 2179 2932 animi
2203 2896 2357 2938 inducit,
2388 2902 2426 2931 ut
2449 2896 2567 2931 dolori
2590 2906 2665 2931 nou
2688 2899 2776 2931 tem·

456 2963 590 2999 perans
614 2953 785 2998 vitaeque
810 2964 937 2987 amore
961 2952 1127 3000 abrepta,
1155 2954 1356 2993 exclamet,
1390 2954 1485 2989 male
1508 2955 1635 2989 vivere
1661 2953 1788 2988 melius
1813 2965 1915 2995 esse,
1941 2964 2048 2998 quam
2074 2952 2168 2988 bene
2193 2953 2284 2988 mori
2309 2951 2446 2996 (1252).
2498 2949 2581 2989 flua
2609 2949 2777 2987 illiberali

455 3011 639 3044 sententia
660 3016 807 3056 poetam
832 3010 921 3044 nihil
947 3010 1059 3053 aliud,
1090 3023 1196 3056 quam
1229 3012 1430 3047 naturalem
1461 3012 1558 3047 vitae
1589 3022 1752 3047 amorem
1784 3011 1903 3046 animo
1932 3009 2107 3057 imprimis
2136 3008 2289 3056 puellari
2313 3009 2457 3044 insitum
2482 3008 2690 3056 exprimere
2712 3018 2777 3044 vo-

455 3065 580 3107 luisse,
607 3066 844 3100 certissimum
871 3071 943 3109 est;
969 3066 1036 3100 sed
1059 3066 1212 3101 eandem
1235 3080 1312 3102 rem
1335 3068 1441 3102 aliter
1463 3067 1660 3114 verbisque
1684 3066 1967 3112 Agamemnonis
1989 3064 2068 3101 filia
2092 3066 2208 3102 minus
2232 3065 2387 3111 indignis
2412 3065 2620 3112 exprimere
2642 3065 2777 3111 potuis·

454 3128 526 3158 set.
568 3121 649 3158 Hac
673 3134 751 3157 811111
777 3123 1022 3170 disputatione
1047 3124 1213 3160 conseras
1237 3124 1530 3172 Schlegelianam
1556 3125 1597 3169 (l.
1625 3137 1657 3161 c.
1683 3136 1720 3171 p.
1746 3123 1860 3169 2460:
1894 3123 2082 3171 iphigenia
2113 3124 2148 3159 in
2173 3122 2274 3158 Aulis
2298 3123 2344 3158 ist
2375 3123 2433 3159 ein
2464 3122 2536 3158 den
2561 3120 2777 3169 Neigungen

456 3179 529 3214 und
553 3179 707 3215 Kritften
732 3180 797 3215 des
821 3180 1012 3227 Euripides
1036 3181 1238 3216 besonders
1263 3194 1546 3229 angemessener
1563 3182 1816 3228 Gegenstand;
1841 3193 1880 3217 es
1904 3181 1988 3217 kam
2012 3180 2092 3216 hier
2115 3179 2248 3216 darauf
2267 3192 2326 3223 an,
2352 3180 2434 3216 eine
2457 3178 2578 3215 sanfte
2600 3178 2777 3226 Rllhrung

455 3235 515 3271 fllr
537 3236 596 3272 die
621 3237 859 3284 unschuldige
881 3237 1026 3283 Jugend
1055 3237 1127 3273 und
1152 3237 1398 3274 Kindlichkeit
1421 3251 1465 3275 zu
1490 3251 1657 3285 erregen.
1706 3237 1878 3274 Indessen
1901 3239 1947 3273 ist
1971 3236 2158 3285 Iphigenia
2181 3237 2277 3273 noch
2305 3236 2415 3283 lange
2445 3236 2553 3271 keine
2576 3236 2774 3282 Antigone;

454 3293 572 3329 sehon
595 3295 810 3330 Aristoteles
842 3294 1025 3338 bemerkt,
1055 3294 1139 3329 dass
1172 3295 1237 3330 der
1261 3295 1463 3331 (31111νῆ11181-
1493 3296 1592 3332 nicht
1624 3294 1795 3341 gehalten
1818 3295 1880 3330 ist:
1912 3293 2006 3339 „Die
2030 3293 2202 3330 flehende
2232 3294 2421 3341 Iphigenia
2444 3294 2497 3329 sei
2523 3293 2589 3331 der
2611 3292 2776 3329 nachher

451 3349 533 3386 sich
556 3350 670 3397 willig
693 3351 958 3399 auroprernden
983 3351 1164 3388 durchaus
1187 3352 1286 3387 nicht
1308 3352 1494 3388 ahnlich.“
