<?xml version="1.0" encoding="UTF-8"?>
<!DOCTYPE html PUBLIC "-//W3C//DTD XHTML 1.0 Transitional//EN"
    "http://www.w3.org/TR/xhtml1/DTD/xhtml1-transitional.dtd">
<html xmlns="http://www.w3.org/1999/xhtml" xml:lang="en" lang="en">
 <head>
  <title>
</title>
<meta http-equiv="Content-Type" content="text/html;charset=utf-8" />
  <meta name='ocr-system' content='tesseract 3.04.00' />
  <meta name='ocr-capabilities' content='ocr_page ocr_carea ocr_par ocr_line ocrx_word'/>
</head>
<body>
  <div class='ocr_page' id='page_1' title='image "4770480_0045.png"; bbox 0 0 3117 3854; ppageno 0'>
   <div class='ocr_carea' id='block_1_1' title="bbox 0 3675 157 3854">
    <p class='ocr_par' dir='ltr' id='par_1_1' title="bbox 0 3675 157 3854">
     <span class='ocr_line' id='line_1_1' title="bbox 0 3675 157 3854; baseline 0 0"><span class='ocrx_word' id='word_1_1' title='bbox 0 3675 157 3854; x_wconf 95' lang='lat' dir='ltr'><strong> </strong></span> 
     </span>
    </p>
   </div>
   <div class='ocr_carea' id='block_1_2' title="bbox 1240 146 1663 204">
    <p class='ocr_par' dir='ltr' id='par_1_2' title="bbox 1240 146 1663 204">
     <span class='ocr_line' id='line_1_2' title="bbox 1240 146 1663 204; baseline -0.002 0"><span class='ocrx_word' id='word_1_2' title='bbox 1240 146 1663 204; x_wconf 36' lang='lat' dir='ltr'><strong>&amp;3⁸71ssss</strong></span> 
     </span>
    </p>
   </div>
   <div class='ocr_carea' id='block_1_3' title="bbox 229 264 2671 495">
    <p class='ocr_par' dir='ltr' id='par_1_3' title="bbox 229 264 2671 495">
     <span class='ocr_line' id='line_1_3' title="bbox 231 264 2670 338; baseline -0.003 -15"><span class='ocrx_word' id='word_1_3' title='bbox 231 285 462 338; x_wconf 79' lang='lat' dir='ltr'><strong>apparent,</strong></span> <span class='ocrx_word' id='word_1_4' title='bbox 490 277 536 318; x_wconf 90' lang='lat' dir='ltr'><strong>in</strong></span> <span class='ocrx_word' id='word_1_5' title='bbox 564 273 821 316; x_wconf 80' lang='lat' dir='ltr'><strong>memoriam</strong></span> <span class='ocrx_word' id='word_1_6' title='bbox 848 285 1050 324; x_wconf 85' lang='lat' dir='ltr'>revoces,</span> <span class='ocrx_word' id='word_1_7' title='bbox 1081 285 1195 328; x_wconf 84' lang='lat' dir='ltr'><strong>quae</strong></span> <span class='ocrx_word' id='word_1_8' title='bbox 1223 272 1270 313; x_wconf 88' lang='lat' dir='ltr'><strong>in</strong></span> <span class='ocrx_word' id='word_1_9' title='bbox 1295 269 1550 313; x_wconf 81' lang='lat' dir='ltr'><strong>Heraclidis</strong></span> <span class='ocrx_word' id='word_1_10' title='bbox 1578 269 1732 312; x_wconf 81' lang='lat' dir='ltr'><strong>sabula</strong></span> <span class='ocrx_word' id='word_1_11' title='bbox 1758 279 1994 314; x_wconf 85' lang='lat' dir='ltr'><strong>narrantur</strong></span> <span class='ocrx_word' id='word_1_12' title='bbox 2023 287 2051 314; x_wconf 85' lang='lat' dir='ltr'><strong>a</strong></span> <span class='ocrx_word' id='word_1_13' title='bbox 2070 264 2380 327; x_wconf 76' lang='lat' dir='ltr'><strong>D‘emophonte</strong></span> <span class='ocrx_word' id='word_1_14' title='bbox 2409 277 2538 327; x_wconf 85' lang='lat' dir='ltr'><strong>gesta</strong></span> <span class='ocrx_word' id='word_1_15' title='bbox 2565 286 2670 317; x_wconf 80' lang='lat' dir='ltr'><strong>esse</strong></span> 
     </span>
     <span class='ocr_line' id='line_1_4' title="bbox 233 349 2670 411; baseline -0.005 -7"><span class='ocrx_word' id='word_1_16' title='bbox 233 365 387 404; x_wconf 82' lang='lat' dir='ltr'><strong>contra</strong></span> <span class='ocrx_word' id='word_1_17' title='bbox 405 352 713 411; x_wconf 78' lang='lat' dir='ltr'><strong>Eurystheum,</strong></span> <span class='ocrx_word' id='word_1_18' title='bbox 742 352 787 393; x_wconf 91' lang='lat' dir='ltr'><strong>in</strong></span> <span class='ocrx_word' id='word_1_19' title='bbox 806 351 993 393; x_wconf 88' lang='lat' dir='ltr'><strong>Hecuba</strong></span> <span class='ocrx_word' id='word_1_20' title='bbox 1020 365 1050 392; x_wconf 86' lang='lat' dir='ltr'><strong>a</strong></span> <span class='ocrx_word' id='word_1_21' title='bbox 1077 358 1216 392; x_wconf 89' lang='lat' dir='ltr'><strong>matre</strong></span> <span class='ocrx_word' id='word_1_22' title='bbox 1235 350 1495 405; x_wconf 81' lang='lat' dir='ltr'><strong>Polyxenae</strong></span> <span class='ocrx_word' id='word_1_23' title='bbox 1527 349 1657 400; x_wconf 84' lang='lat'>(1035</span> <span class='ocrx_word' id='word_1_24' title='bbox 1676 374 1733 381; x_wconf 83' lang='lat'><strong>——-</strong></span> <span class='ocrx_word' id='word_1_25' title='bbox 1756 350 1899 402; x_wconf 87' lang='lat'><strong>1055),</strong></span> <span class='ocrx_word' id='word_1_26' title='bbox 1929 353 1973 392; x_wconf 95' lang='lat' dir='ltr'><strong>in</strong></span> <span class='ocrx_word' id='word_1_27' title='bbox 2001 351 2182 394; x_wconf 82' lang='lat' dir='ltr'><strong>Electra</strong></span> <span class='ocrx_word' id='word_1_28' title='bbox 2209 352 2266 394; x_wconf 91' lang='lat' dir='ltr'><strong>ab</strong></span> <span class='ocrx_word' id='word_1_29' title='bbox 2288 351 2462 402; x_wconf 84' lang='lat' dir='ltr'><strong>Oreste,</strong></span> <span class='ocrx_word' id='word_1_30' title='bbox 2490 350 2537 392; x_wconf 90' lang='lat' dir='ltr'><strong>in</strong></span> <span class='ocrx_word' id='word_1_31' title='bbox 2557 349 2670 406; x_wconf 87' lang='lat' dir='ltr'><strong>Sup-</strong></span> 
     </span>
     <span class='ocr_line' id='line_1_5' title="bbox 229 427 2671 495; baseline -0.003 -16"><span class='ocrx_word' id='word_1_32' title='bbox 229 436 422 495; x_wconf 85' lang='lat' dir='ltr'><strong>plicibus</strong></span> <span class='ocrx_word' id='word_1_33' title='bbox 451 446 479 476; x_wconf 78' lang='lat' dir='ltr'><strong>a</strong></span> <span class='ocrx_word' id='word_1_34' title='bbox 497 431 689 482; x_wconf 87' lang='lat' dir='ltr'><strong>Theseo,</strong></span> <span class='ocrx_word' id='word_1_35' title='bbox 717 431 763 470; x_wconf 90' lang='lat' dir='ltr'><strong>in</strong></span> <span class='ocrx_word' id='word_1_36' title='bbox 783 430 1033 471; x_wconf 83' lang='lat' dir='ltr'><strong>Troadibus</strong></span> <span class='ocrx_word' id='word_1_37' title='bbox 1063 445 1087 469; x_wconf 90' lang='lat' dir='ltr'><strong>a</strong></span> <span class='ocrx_word' id='word_1_38' title='bbox 1107 428 1381 478; x_wconf 84' lang='lat' dir='ltr'><strong>Cassandra,</strong></span> <span class='ocrx_word' id='word_1_39' title='bbox 1410 429 1456 469; x_wconf 92' lang='lat' dir='ltr'><strong>in</strong></span> <span class='ocrx_word' id='word_1_40' title='bbox 1486 427 1659 470; x_wconf 89' lang='lat' dir='ltr'><strong>Helena</strong></span> <span class='ocrx_word' id='word_1_41' title='bbox 1687 443 1716 470; x_wconf 88' lang='lat' dir='ltr'><strong>a</strong></span> <span class='ocrx_word' id='word_1_42' title='bbox 1744 428 1956 471; x_wconf 66' lang='lat' dir='ltr'><strong>Theonoe</strong></span> <span class='ocrx_word' id='word_1_43' title='bbox 1986 429 2201 473; x_wconf 83' lang='lat' dir='ltr'><strong>Helenam</strong></span> <span class='ocrx_word' id='word_1_44' title='bbox 2229 438 2273 472; x_wconf 88' lang='lat' dir='ltr'><strong>et</strong></span> <span class='ocrx_word' id='word_1_45' title='bbox 2301 429 2557 472; x_wconf 87' lang='lat' dir='ltr'><strong>Menelaum</strong></span> <span class='ocrx_word' id='word_1_46' title='bbox 2577 443 2671 472; x_wconf 87' lang='lat' dir='ltr'><strong>ser·</strong></span> 
     </span>
    </p>
   </div>
   <div class='ocr_carea' id='block_1_4' title="bbox 230 507 2670 566">
    <p class='ocr_par' dir='ltr' id='par_1_4' title="bbox 230 507 2670 566">
     <span class='ocr_line' id='line_1_6' title="bbox 230 507 2670 566; baseline -0.004 -7"><span class='ocrx_word' id='word_1_47' title='bbox 230 521 375 566; x_wconf 82' lang='lat' dir='ltr'><strong>vante,</strong></span> <span class='ocrx_word' id='word_1_48' title='bbox 405 513 451 554; x_wconf 91' lang='lat' dir='ltr'><strong>in</strong></span> <span class='ocrx_word' id='word_1_49' title='bbox 469 508 781 552; x_wconf 80' lang='lat' dir='ltr'><strong>Andromache</strong></span> <span class='ocrx_word' id='word_1_50' title='bbox 800 523 829 551; x_wconf 89' lang='lat' dir='ltr'><strong>a</strong></span> <span class='ocrx_word' id='word_1_51' title='bbox 848 509 997 561; x_wconf 92' lang='lat' dir='ltr'><strong>Peleo,</strong></span> <span class='ocrx_word' id='word_1_52' title='bbox 1026 509 1071 550; x_wconf 90' lang='lat' dir='ltr'><strong>in</strong></span> <span class='ocrx_word' id='word_1_53' title='bbox 1094 509 1254 551; x_wconf 85' lang='lat' dir='ltr'><strong>Oreste</strong></span> <span class='ocrx_word' id='word_1_54' title='bbox 1283 510 1341 551; x_wconf 90' lang='lat' dir='ltr'><strong>ab</strong></span> <span class='ocrx_word' id='word_1_55' title='bbox 1360 508 1540 550; x_wconf 84' lang='lat' dir='ltr'><strong>Electra</strong></span> <span class='ocrx_word' id='word_1_56' title='bbox 1569 515 1613 550; x_wconf 86' lang='lat' dir='ltr'><strong>et</strong></span> <span class='ocrx_word' id='word_1_57' title='bbox 1634 508 1807 560; x_wconf 83' lang='lat' dir='ltr'><strong>Oreste,</strong></span> <span class='ocrx_word' id='word_1_58' title='bbox 1837 509 1882 550; x_wconf 88' lang='lat' dir='ltr'><strong>in</strong></span> <span class='ocrx_word' id='word_1_59' title='bbox 1902 508 2131 564; x_wconf 84' lang='lat' dir='ltr'><strong>Iphigenia</strong></span> <span class='ocrx_word' id='word_1_60' title='bbox 2149 508 2382 552; x_wconf 88' lang='lat' dir='ltr'><strong>Aulidensi</strong></span> <span class='ocrx_word' id='word_1_61' title='bbox 2401 509 2458 552; x_wconf 87' lang='lat' dir='ltr'><strong>ab</strong></span> <span class='ocrx_word' id='word_1_62' title='bbox 2478 507 2670 553; x_wconf 85' lang='lat' dir='ltr'><strong>Achille.</strong></span> 
     </span>
    </p>
   </div>
   <div class='ocr_carea' id='block_1_5' title="bbox 288 588 1378 2390">
    <p class='ocr_par' dir='ltr' id='par_1_5' title="bbox 288 588 1378 2390">
     <span class='ocr_line' id='line_1_7' title="bbox 429 588 736 632; baseline -0.01 1"><span class='ocrx_word' id='word_1_63' title='bbox 429 588 537 632; x_wconf 89' lang='lat' dir='ltr'><strong>Hec.</strong></span> <span class='ocrx_word' id='word_1_64' title='bbox 566 602 608 631; x_wconf 88' lang='lat' dir='ltr'><strong>v.</strong></span> <span class='ocrx_word' id='word_1_65' title='bbox 638 588 736 631; x_wconf 84' lang='lat'>834.</span> 
     </span>
     <span class='ocr_line' id='line_1_8' title="bbox 296 665 1338 728; baseline -0.005 -11"><span class='ocrx_word' id='word_1_66' title='bbox 296 671 466 718; x_wconf 76' lang='grc' dir='ltr'><em>ἐσθλοῦ</em></span> <span class='ocrx_word' id='word_1_67' title='bbox 494 668 576 728; x_wconf 79' lang='grc' dir='ltr'><strong>γὰρ</strong></span> <span class='ocrx_word' id='word_1_68' title='bbox 606 665 779 726; x_wconf 82' lang='grc' dir='ltr'><em>ἀνδρὸς,</em></span> <span class='ocrx_word' id='word_1_69' title='bbox 810 671 863 727; x_wconf 73' lang='grc' dir='ltr'><em>τῆ</em></span> <span class='ocrx_word' id='word_1_70' title='bbox 895 666 995 727; x_wconf 80' lang='grc' dir='ltr'><em>δίκῃ</em></span> <span class='ocrx_word' id='word_1_71' title='bbox 1024 666 1074 712; x_wconf 79' lang='grc' dir='ltr'><strong>θ’</strong></span> <span class='ocrx_word' id='word_1_72' title='bbox 1109 666 1338 728; x_wconf 77' lang='grc' dir='ltr'><em>ὑπηρετεῖν</em></span> 
     </span>
     <span class='ocr_line' id='line_1_9' title="bbox 295 745 1378 807; baseline -0.004 -11"><span class='ocrx_word' id='word_1_73' title='bbox 295 750 369 796; x_wconf 82' lang='grc' dir='ltr'><em>καὶ</em></span> <span class='ocrx_word' id='word_1_74' title='bbox 396 748 498 801; x_wconf 75' lang='grc' dir='ltr'><strong>τούς</strong></span> <span class='ocrx_word' id='word_1_75' title='bbox 526 748 689 801; x_wconf 79' lang='grc' dir='ltr'><em>κακοὺς</em></span> <span class='ocrx_word' id='word_1_76' title='bbox 719 749 826 807; x_wconf 81' lang='grc' dir='ltr'><em>δρᾶν</em></span> <span class='ocrx_word' id='word_1_77' title='bbox 865 752 1089 803; x_wconf 81' lang='grc' dir='ltr'><strong><em>πανταχοῦ</em></strong></span> <span class='ocrx_word' id='word_1_78' title='bbox 1119 751 1264 800; x_wconf 83' lang='grc' dir='ltr'><em>κακῶς</em></span> <span class='ocrx_word' id='word_1_79' title='bbox 1294 745 1378 792; x_wconf 76' lang='grc' dir='ltr'><em>ἀεί.</em></span> 
     </span>
     <span class='ocr_line' id='line_1_10' title="bbox 564 827 733 870; baseline -0.006 0"><span class='ocrx_word' id='word_1_80' title='bbox 564 843 606 870; x_wconf 87' lang='lat' dir='ltr'><strong>v.</strong></span> <span class='ocrx_word' id='word_1_81' title='bbox 638 827 733 870; x_wconf 78' lang='lat'><strong>746.</strong></span> 
     </span>
     <span class='ocr_line' id='line_1_11' title="bbox 419 906 1228 966; baseline 0 -17"><span class='ocrx_word' id='word_1_82' title='bbox 419 941 502 950; x_wconf 91' lang='grc'><strong>......</strong></span> <span class='ocrx_word' id='word_1_83' title='bbox 525 907 627 959; x_wconf 83' lang='grc' dir='ltr'><em>τοὺς</em></span> <span class='ocrx_word' id='word_1_84' title='bbox 656 907 816 958; x_wconf 67' lang='grc' dir='ltr'><em>κακοὺς</em></span> <span class='ocrx_word' id='word_1_85' title='bbox 846 906 895 950; x_wconf 75' lang='grc' dir='ltr'><em>δὲ·</em></span> <span class='ocrx_word' id='word_1_86' title='bbox 924 906 1228 966; x_wconf 81' lang='grc' dir='ltr'><em>τιμωρουμένη</em></span> 
     </span>
     <span class='ocr_line' id='line_1_12' title="bbox 294 984 1233 1042; baseline -0.004 -10"><span class='ocrx_word' id='word_1_87' title='bbox 294 984 432 1033; x_wconf 73' lang='grc' dir='ltr'><em>αἰῶνα</em></span> <span class='ocrx_word' id='word_1_88' title='bbox 462 986 535 1031; x_wconf 86' lang='grc' dir='ltr'><strong>τὸν</strong></span> <span class='ocrx_word' id='word_1_89' title='bbox 565 984 797 1042; x_wconf 78' lang='grc' dir='ltr'><em>σύμπαντα</em></span> <span class='ocrx_word' id='word_1_90' title='bbox 828 987 1065 1030; x_wconf 84' lang='grc' dir='ltr'><em>δουλεῦσαι</em></span> <span class='ocrx_word' id='word_1_91' title='bbox 1093 986 1233 1030; x_wconf 83' lang='grc' dir='ltr'><em>θέλω.</em></span> 
     </span>
     <span class='ocr_line' id='line_1_13' title="bbox 569 1065 734 1110; baseline -0.006 -2"><span class='ocrx_word' id='word_1_92' title='bbox 569 1081 610 1108; x_wconf 84' lang='grc' dir='ltr'><strong>ν.</strong></span> <span class='ocrx_word' id='word_1_93' title='bbox 639 1065 734 1110; x_wconf 86' lang='grc'><strong>901.</strong></span> 
     </span>
     <span class='ocr_line' id='line_1_14' title="bbox 292 1140 1329 1204; baseline -0.002 -15"><span class='ocrx_word' id='word_1_94' title='bbox 292 1144 462 1204; x_wconf 86' lang='grc' dir='ltr'><em>γένοιτο</em></span> <span class='ocrx_word' id='word_1_95' title='bbox 494 1142 536 1189; x_wconf 77' lang='grc' dir='ltr'><em>δ’</em></span> <span class='ocrx_word' id='word_1_96' title='bbox 571 1140 618 1188; x_wconf 79' lang='grc' dir='ltr'><strong>εὖ</strong></span> <span class='ocrx_word' id='word_1_97' title='bbox 648 1161 759 1196; x_wconf 79' lang='grc' dir='ltr'><strong>πως.</strong></span> <span class='ocrx_word' id='word_1_98' title='bbox 790 1148 903 1188; x_wconf 78' lang='grc' dir='ltr'><em>πᾶσι</em></span> <span class='ocrx_word' id='word_1_99' title='bbox 932 1144 1013 1204; x_wconf 79' lang='grc' dir='ltr'><strong>γὰρ</strong></span> <span class='ocrx_word' id='word_1_100' title='bbox 1042 1145 1186 1188; x_wconf 85' lang='grc' dir='ltr'><em>κοινὸν</em></span> <span class='ocrx_word' id='word_1_101' title='bbox 1216 1142 1329 1195; x_wconf 90' lang='grc' dir='ltr'><em>τόδε,</em></span> 
     </span>
     <span class='ocr_line' id='line_1_15' title="bbox 292 1221 1333 1284; baseline -0.003 -15"><span class='ocrx_word' id='word_1_102' title='bbox 292 1222 386 1284; x_wconf 74' lang='grc' dir='ltr'><em>ἰδίᾳ</em></span> <span class='ocrx_word' id='word_1_103' title='bbox 415 1221 468 1268; x_wconf 73' lang='grc' dir='ltr'><strong>θ’</strong></span> <span class='ocrx_word' id='word_1_104' title='bbox 503 1221 684 1283; x_wconf 70' lang='grc' dir='ltr'><em>ἑκάστῳ,</em></span> <span class='ocrx_word' id='word_1_105' title='bbox 715 1224 789 1267; x_wconf 83' lang='grc' dir='ltr'><em>καὶ</em></span> <span class='ocrx_word' id='word_1_106' title='bbox 819 1222 960 1277; x_wconf 88' lang='grc' dir='ltr'><em>πόλει,</em></span> <span class='ocrx_word' id='word_1_107' title='bbox 991 1224 1064 1267; x_wconf 85' lang='grc' dir='ltr'><strong>τὸν</strong></span> <span class='ocrx_word' id='word_1_108' title='bbox 1092 1224 1172 1281; x_wconf 74' lang='grc' dir='ltr'><strong>μὲν</strong></span> <span class='ocrx_word' id='word_1_109' title='bbox 1201 1224 1333 1267; x_wconf 84' lang='grc' dir='ltr'><em>κακὸν</em></span> 
     </span>
     <span class='ocr_line' id='line_1_16' title="bbox 292 1301 1348 1363; baseline -0.001 -16"><span class='ocrx_word' id='word_1_110' title='bbox 292 1302 425 1347; x_wconf 85' lang='grc' dir='ltr'><em>κακόν</em></span> <span class='ocrx_word' id='word_1_111' title='bbox 453 1320 497 1347; x_wconf 86' lang='grc' dir='ltr'><strong>τι</strong></span> <span class='ocrx_word' id='word_1_112' title='bbox 526 1301 721 1358; x_wconf 79' lang='grc' dir='ltr'><em>πάσχειν·</em></span> <span class='ocrx_word' id='word_1_113' title='bbox 752 1304 826 1346; x_wconf 84' lang='grc' dir='ltr'><strong>τὸν</strong></span> <span class='ocrx_word' id='word_1_114' title='bbox 857 1304 906 1347; x_wconf 79' lang='grc' dir='ltr'><em>δὲ</em></span> <span class='ocrx_word' id='word_1_115' title='bbox 931 1304 1116 1363; x_wconf 82' lang='grc' dir='ltr'><em>χρηστὸν</em></span> <span class='ocrx_word' id='word_1_116' title='bbox 1148 1301 1348 1358; x_wconf 66' lang='grc' dir='ltr'><em>εὐτυχεῖν.</em></span> 
     </span>
     <span class='ocr_line' id='line_1_17' title="bbox 562 1382 759 1424; baseline -0.005 0"><span class='ocrx_word' id='word_1_117' title='bbox 562 1397 603 1424; x_wconf 90' lang='lat' dir='ltr'><strong>v.</strong></span> <span class='ocrx_word' id='word_1_118' title='bbox 638 1382 759 1424; x_wconf 81' lang='lat'><strong>1071.</strong></span> 
     </span>
     <span class='ocr_line' id='line_1_18' title="bbox 293 1457 1198 1520; baseline -0.002 -15"><span class='ocrx_word' id='word_1_119' title='bbox 293 1459 505 1520; x_wconf 86' lang='grc' dir='ltr'><em>δράσαντι</em></span> <span class='ocrx_word' id='word_1_120' title='bbox 534 1458 576 1504; x_wconf 76' lang='grc' dir='ltr'><em>δ’</em></span> <span class='ocrx_word' id='word_1_121' title='bbox 611 1459 780 1520; x_wconf 82' lang='grc' dir='ltr'><em>αἰσχρὰ,</em></span> <span class='ocrx_word' id='word_1_122' title='bbox 812 1461 933 1504; x_wconf 82' lang='grc' dir='ltr'><em>δεινὰ</em></span> <span class='ocrx_word' id='word_1_123' title='bbox 962 1457 1198 1516; x_wconf 79' lang='grc' dir='ltr'><em>τάπιτίμια</em></span> 
     </span>
     <span class='ocr_line' id='line_1_19' title="bbox 293 1537 1254 1599; baseline -0.002 -14"><span class='ocrx_word' id='word_1_124' title='bbox 293 1538 463 1598; x_wconf 83' lang='grc' dir='ltr'><em>δαίμων</em></span> <span class='ocrx_word' id='word_1_125' title='bbox 494 1538 695 1593; x_wconf 83' lang='grc' dir='ltr'><em>δέδωκεν,</em></span> <span class='ocrx_word' id='word_1_126' title='bbox 727 1538 848 1593; x_wconf 82' lang='grc' dir='ltr'><em>ὅστις</em></span> <span class='ocrx_word' id='word_1_127' title='bbox 878 1537 970 1585; x_wconf 74' lang='grc' dir='ltr'><em>ἔστι</em></span> <span class='ocrx_word' id='word_1_128' title='bbox 1000 1556 1073 1584; x_wconf 89' lang='grc' dir='ltr'><strong>σοι</strong></span> <span class='ocrx_word' id='word_1_129' title='bbox 1101 1537 1254 1599; x_wconf 79' lang='grc' dir='ltr'><em>βαρύς.</em></span> 
     </span>
     <span class='ocr_line' id='line_1_20' title="bbox 562 1620 761 1662; baseline -0.005 0"><span class='ocrx_word' id='word_1_130' title='bbox 562 1633 605 1662; x_wconf 86' lang='lat' dir='ltr'><strong>v.</strong></span> <span class='ocrx_word' id='word_1_131' title='bbox 641 1620 761 1662; x_wconf 83' lang='lat'>1234.</span> 
     </span>
     <span class='ocr_line' id='line_1_21' title="bbox 701 1696 1355 1758; baseline -0.002 -16"><span class='ocrx_word' id='word_1_132' title='bbox 701 1734 784 1743; x_wconf 88' lang='lat'><strong>......</strong></span> <span class='ocrx_word' id='word_1_133' title='bbox 808 1696 906 1743; x_wconf 70' lang='grc' dir='ltr'><strong>ἀλλ’</strong></span> <span class='ocrx_word' id='word_1_134' title='bbox 941 1697 1040 1743; x_wconf 66' lang='grc' dir='ltr'><em>ἐπεὶ</em></span> <span class='ocrx_word' id='word_1_135' title='bbox 1068 1700 1121 1743; x_wconf 80' lang='grc' dir='ltr'><em>τὰ</em></span> <span class='ocrx_word' id='word_1_136' title='bbox 1150 1700 1211 1758; x_wconf 70' lang='grc' dir='ltr'><strong>μὴ</strong></span> <span class='ocrx_word' id='word_1_137' title='bbox 1242 1697 1355 1742; x_wconf 88' lang='grc' dir='ltr'><em>καλά</em></span> 
     </span>
     <span class='ocr_line' id='line_1_22' title="bbox 292 1775 1344 1839; baseline -0.003 -15"><span class='ocrx_word' id='word_1_138' title='bbox 292 1775 508 1837; x_wconf 82' lang='grc' dir='ltr'><em>πράσσειν</em></span> <span class='ocrx_word' id='word_1_139' title='bbox 537 1775 743 1836; x_wconf 79' lang='grc' dir='ltr'><em>ἐτόλμας,</em></span> <span class='ocrx_word' id='word_1_140' title='bbox 773 1779 911 1836; x_wconf 84' lang='grc' dir='ltr'><em>τλῆθι</em></span> <span class='ocrx_word' id='word_1_141' title='bbox 940 1778 1015 1822; x_wconf 84' lang='grc' dir='ltr'><em>καὶ</em></span> <span class='ocrx_word' id='word_1_142' title='bbox 1042 1778 1097 1821; x_wconf 79' lang='grc' dir='ltr'><em>τὰ</em></span> <span class='ocrx_word' id='word_1_143' title='bbox 1125 1778 1187 1836; x_wconf 75' lang='grc' dir='ltr'><strong>μὴ</strong></span> <span class='ocrx_word' id='word_1_144' title='bbox 1219 1776 1344 1839; x_wconf 82' lang='grc' dir='ltr'><em>φιλά.</em></span> 
     </span>
     <span class='ocr_line' id='line_1_23' title="bbox 558 1857 724 1902; baseline -0.012 0"><span class='ocrx_word' id='word_1_145' title='bbox 558 1873 599 1902; x_wconf 83' lang='grc' dir='ltr'><strong>ν.</strong></span> <span class='ocrx_word' id='word_1_146' title='bbox 630 1857 724 1902; x_wconf 80' lang='lat'><strong>789.</strong></span> 
     </span>
     <span class='ocr_line' id='line_1_24' title="bbox 291 1932 1304 1996; baseline -0.002 -14"><span class='ocrx_word' id='word_1_147' title='bbox 291 1934 419 1996; x_wconf 79' lang='grc' dir='ltr'><em>ἡμεῖς</em></span> <span class='ocrx_word' id='word_1_148' title='bbox 446 1936 526 1995; x_wconf 79' lang='grc' dir='ltr'><strong>μὲν</strong></span> <span class='ocrx_word' id='word_1_149' title='bbox 556 1932 632 1982; x_wconf 79' lang='grc' dir='ltr'><strong>οὖν</strong></span> <span class='ocrx_word' id='word_1_150' title='bbox 663 1935 818 1982; x_wconf 82' lang='grc' dir='ltr'><em>δοῦλοί</em></span> <span class='ocrx_word' id='word_1_151' title='bbox 846 1954 891 1981; x_wconf 91' lang='grc' dir='ltr'><strong>τε</strong></span> <span class='ocrx_word' id='word_1_152' title='bbox 920 1934 1154 1989; x_wconf 84' lang='grc' dir='ltr'><em>κᾶσθενεῖς</em></span> <span class='ocrx_word' id='word_1_153' title='bbox 1183 1935 1304 1990; x_wconf 82' lang='grc' dir='ltr'><em>ἴσως,</em></span> 
     </span>
     <span class='ocr_line' id='line_1_25' title="bbox 291 2012 1374 2077; baseline -0.002 -15"><span class='ocrx_word' id='word_1_154' title='bbox 291 2012 392 2062; x_wconf 73' lang='grc' dir='ltr'><em>ἀλλ’</em></span> <span class='ocrx_word' id='word_1_155' title='bbox 427 2014 471 2061; x_wconf 79' lang='grc' dir='ltr'><strong>οὶ</strong></span> <span class='ocrx_word' id='word_1_156' title='bbox 499 2015 605 2061; x_wconf 84' lang='grc' dir='ltr'><em>θεοὶ</em></span> <span class='ocrx_word' id='word_1_157' title='bbox 634 2016 864 2071; x_wconf 86' lang='grc' dir='ltr'><em>σθένουσι,</em></span> <span class='ocrx_word' id='word_1_158' title='bbox 891 2013 935 2072; x_wconf 77' lang='grc' dir='ltr'><strong>χ&gt;</strong></span> <span class='ocrx_word' id='word_1_159' title='bbox 969 2013 993 2060; x_wconf 84' lang='grc' dir='ltr'>ὁ</span> <span class='ocrx_word' id='word_1_160' title='bbox 1024 2015 1176 2061; x_wconf 80' lang='grc' dir='ltr'><em>κείνων</em></span> <span class='ocrx_word' id='word_1_161' title='bbox 1205 2019 1374 2077; x_wconf 79' lang='grc' dir='ltr'><em>κρατῶν</em></span> 
     </span>
     <span class='ocr_line' id='line_1_26' title="bbox 289 2092 1270 2154; baseline -0.001 -15"><span class='ocrx_word' id='word_1_162' title='bbox 289 2092 438 2151; x_wconf 89' lang='grc' dir='ltr'><em>νόμος.</em></span> <span class='ocrx_word' id='word_1_163' title='bbox 466 2092 587 2152; x_wconf 85' lang='grc' dir='ltr'><em>νόμῳ</em></span> <span class='ocrx_word' id='word_1_164' title='bbox 616 2095 698 2154; x_wconf 84' lang='grc' dir='ltr'><strong>γὰρ</strong></span> <span class='ocrx_word' id='word_1_165' title='bbox 727 2095 830 2146; x_wconf 68' lang='grc' dir='ltr'><em>τοῦς</em></span> <span class='ocrx_word' id='word_1_166' title='bbox 857 2095 995 2147; x_wconf 77' lang='grc' dir='ltr'><em>θεοὺς</em></span> <span class='ocrx_word' id='word_1_167' title='bbox 1024 2093 1270 2152; x_wconf 74' lang='grc' dir='ltr'><em>ἡγούμεθα,</em></span> 
     </span>
     <span class='ocr_line' id='line_1_27' title="bbox 290 2168 1254 2233; baseline 0.001 -16"><span class='ocrx_word' id='word_1_168' title='bbox 290 2173 365 2218; x_wconf 83' lang='grc' dir='ltr'><em>καὶ</em></span> <span class='ocrx_word' id='word_1_169' title='bbox 394 2173 533 2230; x_wconf 81' lang='grc' dir='ltr'><em>ζῶμεν</em></span> <span class='ocrx_word' id='word_1_170' title='bbox 563 2168 696 2218; x_wconf 72' lang='grc' dir='ltr'><em>ι’ίδικα</em></span> <span class='ocrx_word' id='word_1_171' title='bbox 726 2173 800 2217; x_wconf 83' lang='grc' dir='ltr'><em>καὶ</em></span> <span class='ocrx_word' id='word_1_172' title='bbox 829 2170 966 2218; x_wconf 80' lang='grc' dir='ltr'><em>δίκαι’</em></span> <span class='ocrx_word' id='word_1_173' title='bbox 1002 2170 1254 2233; x_wconf 79' lang='grc' dir='ltr'><strong>ὡρισμένοι.</strong></span> 
     </span>
     <span class='ocr_line' id='line_1_28' title="bbox 289 2246 1288 2312; baseline -0.001 -15"><span class='ocrx_word' id='word_1_174' title='bbox 289 2246 346 2305; x_wconf 75' lang='grc' dir='ltr'><strong>ὃς</strong></span> <span class='ocrx_word' id='word_1_175' title='bbox 375 2250 451 2305; x_wconf 75' lang='grc' dir='ltr'><strong>εἴς</strong></span> <span class='ocrx_word' id='word_1_176' title='bbox 480 2248 522 2297; x_wconf 85' lang='lat' dir='ltr'><strong>o&#39;</strong></span> <span class='ocrx_word' id='word_1_177' title='bbox 557 2248 810 2305; x_wconf 76' lang='grc' dir='ltr'><em>ἀνελθών,</em></span> <span class='ocrx_word' id='word_1_178' title='bbox 842 2249 881 2296; x_wconf 79' lang='grc' dir='ltr'><strong>εἰ</strong></span> <span class='ocrx_word' id='word_1_179' title='bbox 910 2249 1288 2312; x_wconf 72' lang='grc' dir='ltr'><strong>διαφθαρήσεται,</strong></span> 
     </span>
     <span class='ocr_line' id='line_1_29' title="bbox 288 2328 1236 2390; baseline -0.001 -15"><span class='ocrx_word' id='word_1_180' title='bbox 288 2330 364 2375; x_wconf 80' lang='grc' dir='ltr'><em>καὶ</em></span> <span class='ocrx_word' id='word_1_181' title='bbox 390 2331 452 2388; x_wconf 80' lang='grc' dir='ltr'><strong>μὴ</strong></span> <span class='ocrx_word' id='word_1_182' title='bbox 484 2329 606 2390; x_wconf 81' lang='grc' dir='ltr'><em>δίκην</em></span> <span class='ocrx_word' id='word_1_183' title='bbox 637 2328 866 2384; x_wconf 76' lang='grc' dir='ltr'><em>δώσουσιν,</em></span> <span class='ocrx_word' id='word_1_184' title='bbox 898 2330 1057 2383; x_wconf 76' lang='grc' dir='ltr'><em>οἵτινες</em></span> <span class='ocrx_word' id='word_1_185' title='bbox 1086 2331 1236 2383; x_wconf 84' lang='grc' dir='ltr'><em>ξένους</em></span> 
     </span>
    </p>
   </div>
   <div class='ocr_carea' id='block_1_6' title="bbox 1511 584 2602 1515">
    <p class='ocr_par' dir='ltr' id='par_1_6' title="bbox 1511 584 2602 1515">
     <span class='ocr_line' id='line_1_30' title="bbox 1516 584 2550 647; baseline 0 -17"><span class='ocrx_word' id='word_1_186' title='bbox 1516 585 1769 640; x_wconf 70' lang='grc' dir='ltr'><em>κτείνουσιν,</em></span> <span class='ocrx_word' id='word_1_187' title='bbox 1802 584 1830 644; x_wconf 75' lang='grc' dir='ltr'>ἢ</span> <span class='ocrx_word' id='word_1_188' title='bbox 1859 591 1981 631; x_wconf 76' lang='grc' dir='ltr'><em>θεῶν</em></span> <span class='ocrx_word' id='word_1_189' title='bbox 2011 585 2109 645; x_wconf 77' lang='grc' dir='ltr'><em>ἱερὰ</em></span> <span class='ocrx_word' id='word_1_190' title='bbox 2138 589 2354 642; x_wconf 79' lang='grc' dir='ltr'><em>τολμῶσιν</em></span> <span class='ocrx_word' id='word_1_191' title='bbox 2385 586 2550 647; x_wconf 74' lang='grc' dir='ltr'><em>φέρειν,</em></span> 
     </span>
     <span class='ocr_line' id='line_1_31' title="bbox 1515 663 2602 727; baseline 0.002 -17"><span class='ocrx_word' id='word_1_192' title='bbox 1515 664 1593 711; x_wconf 78' lang='grc' dir='ltr'><strong>οὒκ</strong></span> <span class='ocrx_word' id='word_1_193' title='bbox 1622 664 1740 710; x_wconf 74' lang='grc' dir='ltr'><em>ἔστιν</em></span> <span class='ocrx_word' id='word_1_194' title='bbox 1770 663 1896 711; x_wconf 74' lang='grc' dir='ltr'><em>οὐδὲν</em></span> <span class='ocrx_word' id='word_1_195' title='bbox 1926 670 2011 710; x_wconf 79' lang='grc' dir='ltr'><strong>τῶν</strong></span> <span class='ocrx_word' id='word_1_196' title='bbox 2047 666 2092 711; x_wconf 79' lang='grc' dir='ltr'><strong>ἐν</strong></span> <span class='ocrx_word' id='word_1_197' title='bbox 2128 663 2389 727; x_wconf 74' lang='grc' dir='ltr'><em>ἀνθρώποις</em></span> <span class='ocrx_word' id='word_1_198' title='bbox 2416 665 2518 712; x_wconf 69' lang='grc' dir='ltr'><em>ἴσον</em></span> <span class='ocrx_word' id='word_1_199' title='bbox 2555 671 2602 718; x_wconf 89' lang='lat'><strong>¹).</strong></span> 
     </span>
     <span class='ocr_line' id='line_1_32' title="bbox 1651 746 2096 790; baseline -0.004 0"><span class='ocrx_word' id='word_1_200' title='bbox 1651 747 1783 790; x_wconf 91' lang='lat' dir='ltr'><strong>Herc.</strong></span> <span class='ocrx_word' id='word_1_201' title='bbox 1812 746 1895 789; x_wconf 86' lang='lat' dir='ltr'><strong>fur.</strong></span> <span class='ocrx_word' id='word_1_202' title='bbox 1925 761 1967 789; x_wconf 89' lang='lat' dir='ltr'><strong>v.</strong></span> <span class='ocrx_word' id='word_1_203' title='bbox 2003 746 2096 789; x_wconf 82' lang='lat'><strong>167.</strong></span> 
     </span>
     <span class='ocr_line' id='line_1_33' title="bbox 1520 822 2548 885; baseline 0 -15"><span class='ocrx_word' id='word_1_204' title='bbox 1520 823 1688 870; x_wconf 63' lang='grc' dir='ltr'><em>Οὔκουν</em></span> <span class='ocrx_word' id='word_1_205' title='bbox 1717 826 1972 885; x_wconf 73' lang='grc' dir='ltr'><em>τραφέντων</em></span> <span class='ocrx_word' id='word_1_206' title='bbox 2002 828 2136 869; x_wconf 80' lang='grc' dir='ltr'><em>τῶνδε</em></span> <span class='ocrx_word' id='word_1_207' title='bbox 2167 827 2387 883; x_wconf 76' lang='grc' dir='ltr'><em>τιμωροὺς</em></span> <span class='ocrx_word' id='word_1_208' title='bbox 2415 822 2548 881; x_wconf 69' lang='grc' dir='ltr'><em>ἐμούς</em></span> 
     </span>
     <span class='ocr_line' id='line_1_34' title="bbox 1511 903 2497 965; baseline 0.001 -17"><span class='ocrx_word' id='word_1_209' title='bbox 1511 904 1656 965; x_wconf 74' lang='grc' dir='ltr'><em>χρῄζω</em></span> <span class='ocrx_word' id='word_1_210' title='bbox 1687 906 1909 948; x_wconf 73' lang='grc' dir='ltr'><strong>λιπέσθαι</strong></span> <span class='ocrx_word' id='word_1_211' title='bbox 1938 909 2023 947; x_wconf 83' lang='grc' dir='ltr'><strong>τῶν</strong></span> <span class='ocrx_word' id='word_1_212' title='bbox 2054 905 2329 963; x_wconf 76' lang='grc' dir='ltr'><em>δεδραμένων</em></span> <span class='ocrx_word' id='word_1_213' title='bbox 2360 903 2497 963; x_wconf 78' lang='grc' dir='ltr'><em>δίκην.</em></span> 
     </span>
     <span class='ocr_line' id='line_1_35' title="bbox 1648 984 2008 1027; baseline 0 -1"><span class='ocrx_word' id='word_1_214' title='bbox 1648 985 1809 1027; x_wconf 85' lang='lat' dir='ltr'><strong>Troad.</strong></span> <span class='ocrx_word' id='word_1_215' title='bbox 1839 1001 1881 1027; x_wconf 90' lang='lat' dir='ltr'><strong>v.</strong></span> <span class='ocrx_word' id='word_1_216' title='bbox 1912 984 2008 1027; x_wconf 82' lang='lat'><strong>359.</strong></span> 
     </span>
     <span class='ocr_line' id='line_1_36' title="bbox 1516 1061 2524 1124; baseline 0.003 -19"><span class='ocrx_word' id='word_1_217' title='bbox 1516 1068 1649 1106; x_wconf 80' lang='grc' dir='ltr'><em>κτενῶ</em></span> <span class='ocrx_word' id='word_1_218' title='bbox 1679 1065 1762 1124; x_wconf 77' lang='grc' dir='ltr'><strong>γὰρ</strong></span> <span class='ocrx_word' id='word_1_219' title='bbox 1793 1062 1937 1117; x_wconf 52' lang='grc' dir='ltr'><em>αι’)τὸν,</em></span> <span class='ocrx_word' id='word_1_220' title='bbox 1969 1061 2316 1123; x_wconf 73' lang='grc' dir='ltr'><em>κάντιπορθήσω</em></span> <span class='ocrx_word' id='word_1_221' title='bbox 2348 1062 2524 1119; x_wconf 82' lang='grc' dir='ltr'><em>δόμους,</em></span> 
     </span>
     <span class='ocr_line' id='line_1_37' title="bbox 1515 1140 2579 1202; baseline 0.001 -16"><span class='ocrx_word' id='word_1_222' title='bbox 1515 1143 1674 1193; x_wconf 78' lang='grc' dir='ltr'><em>ποινὰς</em></span> <span class='ocrx_word' id='word_1_223' title='bbox 1703 1141 1908 1202; x_wconf 67' lang='grc' dir='ltr'><em>ἀδελφῶν</em></span> <span class='ocrx_word' id='word_1_224' title='bbox 1937 1144 2012 1186; x_wconf 81' lang='grc' dir='ltr'><em>καὶ</em></span> <span class='ocrx_word' id='word_1_225' title='bbox 2042 1143 2211 1202; x_wconf 82' lang='grc' dir='ltr'><em>πατρὸς</em></span> <span class='ocrx_word' id='word_1_226' title='bbox 2240 1140 2422 1198; x_wconf 57' lang='grc' dir='ltr'><em>λαβοῦσ)</em></span> <span class='ocrx_word' id='word_1_227' title='bbox 2455 1144 2579 1199; x_wconf 75' lang='grc' dir='ltr'><em>ἐμοῦ.</em></span> 
     </span>
     <span class='ocr_line' id='line_1_38' title="bbox 1838 1224 2005 1266; baseline -0.012 0"><span class='ocrx_word' id='word_1_228' title='bbox 1838 1239 1879 1266; x_wconf 83' lang='lat' dir='ltr'><strong>v.</strong></span> <span class='ocrx_word' id='word_1_229' title='bbox 1910 1224 2005 1266; x_wconf 77' lang='lat'>459.</span> 
     </span>
     <span class='ocr_line' id='line_1_39' title="bbox 1741 1300 2594 1361; baseline 0.004 -18"><span class='ocrx_word' id='word_1_230' title='bbox 1741 1337 1823 1344; x_wconf 91' lang='grc'><strong>......</strong></span> <span class='ocrx_word' id='word_1_231' title='bbox 1848 1301 1936 1358; x_wconf 71' lang='grc' dir='ltr'><strong>ἥξω</strong></span> <span class='ocrx_word' id='word_1_232' title='bbox 1968 1300 2008 1345; x_wconf 74' lang='grc' dir='ltr'><em>δ’</em></span> <span class='ocrx_word' id='word_1_233' title='bbox 2043 1300 2105 1353; x_wconf 79' lang='grc' dir='ltr'><strong>εἷς</strong></span> <span class='ocrx_word' id='word_1_234' title='bbox 2135 1302 2315 1361; x_wconf 80' lang='grc' dir='ltr'><em>νεκροὺς</em></span> <span class='ocrx_word' id='word_1_235' title='bbox 2344 1300 2594 1361; x_wconf 82' lang='grc' dir='ltr'><em>νικηφόρος,</em></span> 
     </span>
     <span class='ocr_line' id='line_1_40' title="bbox 1514 1377 2594 1439; baseline 0 -16"><span class='ocrx_word' id='word_1_236' title='bbox 1514 1381 1588 1424; x_wconf 82' lang='grc' dir='ltr'><em>καὶ</em></span> <span class='ocrx_word' id='word_1_237' title='bbox 1618 1379 1782 1435; x_wconf 80' lang='grc' dir='ltr'><em>δόμους</em></span> <span class='ocrx_word' id='word_1_238' title='bbox 1802 1379 1987 1437; x_wconf 76' lang='grc' dir='ltr'><em>πέρσασ’</em></span> <span class='ocrx_word' id='word_1_239' title='bbox 2015 1379 2264 1439; x_wconf 62' lang='grc' dir='ltr'><em>ζίτρειδῶν,</em></span> <span class='ocrx_word' id='word_1_240' title='bbox 2297 1377 2594 1436; x_wconf 73' lang='grc' dir='ltr'><em>ἀπωλόμεσθ’</em></span> 
     </span>
     <span class='ocr_line' id='line_1_41' title="bbox 1649 1446 2597 1515; baseline 0.001 -14"><span class='ocrx_word' id='word_1_241' title='bbox 1649 1459 1788 1515; x_wconf 83' lang='lat' dir='ltr'><strong>lphig.</strong></span> <span class='ocrx_word' id='word_1_242' title='bbox 1820 1460 1874 1502; x_wconf 85' lang='lat' dir='ltr'><strong>A.</strong></span> <span class='ocrx_word' id='word_1_243' title='bbox 1907 1476 1948 1502; x_wconf 77' lang='lat' dir='ltr'><strong>v.</strong></span> <span class='ocrx_word' id='word_1_244' title='bbox 1977 1459 2072 1502; x_wconf 72' lang='lat'>975.</span> <span class='ocrx_word' id='word_1_245' title='bbox 2492 1446 2597 1493; x_wconf 71' lang='grc' dir='ltr'><em>ὕπο.</em></span> 
     </span>
    </p>
   </div>
   <div class='ocr_carea' id='block_1_7' title="bbox 1854 1536 2498 1599">
    <p class='ocr_par' dir='ltr' id='par_1_7' title="bbox 1854 1536 2498 1599">
     <span class='ocr_line' id='line_1_42' title="bbox 1854 1536 2498 1599; baseline 0.003 -19"><span class='ocrx_word' id='word_1_246' title='bbox 1854 1574 1937 1582; x_wconf 87' lang='grc'><strong>......</strong></span> <span class='ocrx_word' id='word_1_247' title='bbox 1962 1539 2071 1590; x_wconf 78' lang='grc' dir='ltr'><em>θεὸς</em></span> <span class='ocrx_word' id='word_1_248' title='bbox 2099 1538 2184 1597; x_wconf 73' lang='grc' dir='ltr'><strong>ἐγώ</strong></span> <span class='ocrx_word' id='word_1_249' title='bbox 2215 1536 2393 1599; x_wconf 81' lang='grc' dir='ltr'><em>πέφηνά</em></span> <span class='ocrx_word' id='word_1_250' title='bbox 2424 1555 2498 1583; x_wconf 91' lang='grc' dir='ltr'><strong>σοι</strong></span> 
     </span>
    </p>
   </div>
   <div class='ocr_carea' id='block_1_8' title="bbox 1477 1615 2512 1676">
    <p class='ocr_par' dir='ltr' id='par_1_8' title="bbox 1477 1615 2512 1676">
     <span class='ocr_line' id='line_1_43' title="bbox 1477 1615 2512 1676; baseline -0.002 -13"><span class='ocrx_word' id='word_1_251' title='bbox 1477 1667 1481 1673; x_wconf 47' lang='grc'><em>,</em></span> <span class='ocrx_word' id='word_1_252' title='bbox 1510 1619 1727 1676; x_wconf 87' lang='grc' dir='ltr'><em>μέγιστος,</em></span> <span class='ocrx_word' id='word_1_253' title='bbox 1759 1617 1836 1662; x_wconf 76' lang='grc' dir='ltr'><strong>οἰκ</strong></span> <span class='ocrx_word' id='word_1_254' title='bbox 1869 1615 1940 1662; x_wconf 71' lang='grc' dir='ltr'><strong>ὦν·</strong></span> <span class='ocrx_word' id='word_1_255' title='bbox 1973 1616 2074 1661; x_wconf 75' lang='grc' dir='ltr'><strong>(ῗιλλ&gt;</strong></span> <span class='ocrx_word' id='word_1_256' title='bbox 2109 1617 2230 1673; x_wconf 81' lang='grc' dir='ltr'><em>ὅμως</em></span> <span class='ocrx_word' id='word_1_257' title='bbox 2260 1616 2512 1674; x_wconf 77' lang='grc' dir='ltr'><em>γενήσομαι.</em></span> 
     </span>
    </p>
   </div>
   <div class='ocr_carea' id='block_1_9' title="bbox 1511 1698 2534 2311">
    <p class='ocr_par' dir='ltr' id='par_1_9' title="bbox 1511 1698 2534 1996">
     <span class='ocr_line' id='line_1_44' title="bbox 1645 1698 1984 1741; baseline -0.003 -1"><span class='ocrx_word' id='word_1_258' title='bbox 1645 1699 1784 1741; x_wconf 86' lang='lat' dir='ltr'><strong>Elect.</strong></span> <span class='ocrx_word' id='word_1_259' title='bbox 1813 1713 1855 1740; x_wconf 89' lang='lat' dir='ltr'><strong>v.</strong></span> <span class='ocrx_word' id='word_1_260' title='bbox 1887 1698 1984 1741; x_wconf 80' lang='lat'><strong>890.</strong></span> 
     </span>
     <span class='ocr_line' id='line_1_45' title="bbox 1511 1775 2531 1837; baseline -0.002 -15"><span class='ocrx_word' id='word_1_261' title='bbox 1511 1780 1648 1831; x_wconf 82' lang='grc' dir='ltr'><em>θεοὺς</em></span> <span class='ocrx_word' id='word_1_262' title='bbox 1676 1779 1755 1835; x_wconf 83' lang='grc' dir='ltr'><strong>μὲν</strong></span> <span class='ocrx_word' id='word_1_263' title='bbox 1787 1777 1895 1835; x_wconf 77' lang='grc' dir='ltr'><em>ἡγοῦ</em></span> <span class='ocrx_word' id='word_1_264' title='bbox 1927 1782 2116 1836; x_wconf 78' lang='grc' dir='ltr'><em>πρῶτον,</em></span> <span class='ocrx_word' id='word_1_265' title='bbox 2143 1775 2371 1837; x_wconf 80' lang='grc' dir='ltr'><em>Ἠλέκτρα,</em></span> <span class='ocrx_word' id='word_1_266' title='bbox 2404 1775 2531 1836; x_wconf 83' lang='grc' dir='ltr'><em>τύχης</em></span> 
     </span>
     <span class='ocr_line' id='line_1_46' title="bbox 1514 1853 2468 1918; baseline -0.001 -17"><span class='ocrx_word' id='word_1_267' title='bbox 1514 1856 1750 1918; x_wconf 80' lang='grc' dir='ltr'><em>ἀρχηγέτας</em></span> <span class='ocrx_word' id='word_1_268' title='bbox 1779 1855 1924 1915; x_wconf 80' lang='grc' dir='ltr'><em>τῆσδ’,</em></span> <span class='ocrx_word' id='word_1_269' title='bbox 1957 1854 2052 1899; x_wconf 82' lang='grc' dir='ltr'><em>εἶτα</em></span> <span class='ocrx_word' id='word_1_270' title='bbox 2082 1853 2187 1912; x_wconf 64' lang='grc' dir='ltr'><em>κᾶμ’</em></span> <span class='ocrx_word' id='word_1_271' title='bbox 2221 1857 2468 1909; x_wconf 78' lang='grc' dir='ltr'><em>ἐπαίνεσον,</em></span> 
     </span>
     <span class='ocr_line' id='line_1_47' title="bbox 1511 1933 2534 1996; baseline 0 -16"><span class='ocrx_word' id='word_1_272' title='bbox 1511 1938 1585 1981; x_wconf 82' lang='grc' dir='ltr'><strong>τὸν</strong></span> <span class='ocrx_word' id='word_1_273' title='bbox 1614 1941 1700 1980; x_wconf 83' lang='grc' dir='ltr'><strong>τῶν</strong></span> <span class='ocrx_word' id='word_1_274' title='bbox 1729 1940 1850 1980; x_wconf 80' lang='grc' dir='ltr'><em>θεῶν</em></span> <span class='ocrx_word' id='word_1_275' title='bbox 1880 1953 1926 1979; x_wconf 90' lang='grc' dir='ltr'><strong>τε</strong></span> <span class='ocrx_word' id='word_1_276' title='bbox 1956 1940 2033 1993; x_wconf 72' lang='grc' dir='ltr'><em>τῆς</em></span> <span class='ocrx_word' id='word_1_277' title='bbox 2063 1934 2189 1995; x_wconf 73' lang='grc' dir='ltr'><em>τύχης</em></span> <span class='ocrx_word' id='word_1_278' title='bbox 2220 1933 2267 1978; x_wconf 71' lang='grc' dir='ltr'><strong>θ’</strong></span> <span class='ocrx_word' id='word_1_279' title='bbox 2301 1934 2534 1996; x_wconf 76' lang='grc' dir='ltr'><em>ὑπηρέτην.</em></span> 
     </span>
    </p>

    <p class='ocr_par' dir='ltr' id='par_1_10' title="bbox 1648 2017 2001 2073">
     <span class='ocr_line' id='line_1_48' title="bbox 1648 2017 2001 2073; baseline -0.006 -14"><span class='ocrx_word' id='word_1_280' title='bbox 1648 2017 1802 2073; x_wconf 84' lang='lat' dir='ltr'><strong>Suppl.</strong></span> <span class='ocrx_word' id='word_1_281' title='bbox 1832 2031 1874 2060; x_wconf 89' lang='lat' dir='ltr'><strong>v.</strong></span> <span class='ocrx_word' id='word_1_282' title='bbox 1907 2017 2001 2059; x_wconf 79' lang='lat'>341.</span> 
     </span>
    </p>

    <p class='ocr_par' dir='ltr' id='par_1_11' title="bbox 1717 2093 2435 2154">
     <span class='ocr_line' id='line_1_49' title="bbox 1717 2093 2435 2154; baseline 0.001 -16"><span class='ocrx_word' id='word_1_283' title='bbox 1717 2131 1800 2139; x_wconf 89' lang='grc'><strong>......</strong></span> <span class='ocrx_word' id='word_1_284' title='bbox 1825 2096 1972 2139; x_wconf 80' lang='grc' dir='ltr'><em>πολλὰ</em></span> <span class='ocrx_word' id='word_1_285' title='bbox 2003 2096 2083 2154; x_wconf 81' lang='grc' dir='ltr'><strong>γὰρ</strong></span> <span class='ocrx_word' id='word_1_286' title='bbox 2114 2093 2280 2153; x_wconf 80' lang='grc' dir='ltr'><em>δράσας</em></span> <span class='ocrx_word' id='word_1_287' title='bbox 2308 2093 2435 2147; x_wconf 84' lang='grc' dir='ltr'><em>καλά,</em></span> 
     </span>
    </p>

    <p class='ocr_par' dir='ltr' id='par_1_12' title="bbox 1511 2170 2428 2311">
     <span class='ocr_line' id='line_1_50' title="bbox 1511 2170 2374 2232; baseline -0.005 -12"><span class='ocrx_word' id='word_1_288' title='bbox 1511 2173 1622 2227; x_wconf 67' lang='grc' dir='ltr'><em>ἔθος</em></span> <span class='ocrx_word' id='word_1_289' title='bbox 1649 2171 1744 2219; x_wconf 73' lang='grc' dir='ltr'><em>τόδ’</em></span> <span class='ocrx_word' id='word_1_290' title='bbox 1780 2172 1842 2227; x_wconf 84' lang='grc' dir='ltr'><strong>εἷς</strong></span> <span class='ocrx_word' id='word_1_291' title='bbox 1862 2173 2073 2232; x_wconf 63' lang='grc' dir='ltr'><em>’Έλληνας</em></span> <span class='ocrx_word' id='word_1_292' title='bbox 2102 2170 2374 2232; x_wconf 78' lang='grc' dir='ltr'><em>ἐξελεξάμην,</em></span> 
     </span>
     <span class='ocr_line' id='line_1_51' title="bbox 1512 2250 2428 2311; baseline -0.004 -13"><span class='ocrx_word' id='word_1_293' title='bbox 1512 2250 1582 2298; x_wconf 76' lang='grc' dir='ltr'><em>ἀεὶ</em></span> <span class='ocrx_word' id='word_1_294' title='bbox 1610 2253 1826 2311; x_wconf 65' lang='grc' dir='ltr'><em>κολαστὴς</em></span> <span class='ocrx_word' id='word_1_295' title='bbox 1854 2255 1939 2297; x_wconf 82' lang='grc' dir='ltr'><strong>τῶν</strong></span> <span class='ocrx_word' id='word_1_296' title='bbox 1968 2255 2112 2296; x_wconf 83' lang='grc' dir='ltr'><em>κακῶν</em></span> <span class='ocrx_word' id='word_1_297' title='bbox 2140 2250 2428 2296; x_wconf 85' lang='grc' dir='ltr'><em>καθέσταναι.</em></span> 
     </span>
    </p>
   </div>
   <div class='ocr_carea' id='block_1_10' title="bbox 219 2411 2663 2706">
    <p class='ocr_par' dir='ltr' id='par_1_13' title="bbox 219 2411 2663 2706">
     <span class='ocr_line' id='line_1_52' title="bbox 359 2411 2663 2471; baseline -0 -16"><span class='ocrx_word' id='word_1_298' title='bbox 359 2411 493 2455; x_wconf 88' lang='lat' dir='ltr'><strong>Istam</strong></span> <span class='ocrx_word' id='word_1_299' title='bbox 521 2411 717 2454; x_wconf 84' lang='lat' dir='ltr'><strong>indolem</strong></span> <span class='ocrx_word' id='word_1_300' title='bbox 745 2411 786 2454; x_wconf 86' lang='lat' dir='ltr'><strong>si</strong></span> <span class='ocrx_word' id='word_1_301' title='bbox 816 2425 994 2468; x_wconf 87' lang='lat' dir='ltr'><strong>semper</strong></span> <span class='ocrx_word' id='word_1_302' title='bbox 1021 2411 1321 2467; x_wconf 71' lang='lat' dir='ltr'><strong>incorruptam</strong></span> <span class='ocrx_word' id='word_1_303' title='bbox 1349 2417 1576 2455; x_wconf 88' lang='lat' dir='ltr'><strong>tuerentur</strong></span> <span class='ocrx_word' id='word_1_304' title='bbox 1603 2411 1805 2471; x_wconf 83' lang='lat' dir='ltr'><strong>homines</strong></span> <span class='ocrx_word' id='word_1_305' title='bbox 1835 2419 1879 2455; x_wconf 88' lang='lat' dir='ltr'><strong>et</strong></span> <span class='ocrx_word' id='word_1_306' title='bbox 1908 2413 2124 2469; x_wconf 86' lang='lat' dir='ltr'><strong>integram</strong></span> <span class='ocrx_word' id='word_1_307' title='bbox 2154 2418 2405 2464; x_wconf 87' lang='lat' dir='ltr'><strong>servarent,</strong></span> <span class='ocrx_word' id='word_1_308' title='bbox 2440 2423 2663 2468; x_wconf 81' lang='lat' dir='ltr'><strong>nunquam</strong></span> 
     </span>
     <span class='ocr_line' id='line_1_53' title="bbox 220 2489 2661 2548; baseline -0 -15"><span class='ocrx_word' id='word_1_309' title='bbox 220 2504 367 2548; x_wconf 89' lang='lat' dir='ltr'><strong>neque</strong></span> <span class='ocrx_word' id='word_1_310' title='bbox 396 2491 484 2547; x_wconf 88' lang='lat' dir='ltr'><strong>ipsi</strong></span> <span class='ocrx_word' id='word_1_311' title='bbox 512 2491 677 2548; x_wconf 83' lang='lat' dir='ltr'><strong>injusta</strong></span> <span class='ocrx_word' id='word_1_312' title='bbox 708 2491 1029 2534; x_wconf 91' lang='lat' dir='ltr'><strong>committerent</strong></span> <span class='ocrx_word' id='word_1_313' title='bbox 1055 2505 1199 2547; x_wconf 89' lang='lat' dir='ltr'><strong>neque</strong></span> <span class='ocrx_word' id='word_1_314' title='bbox 1229 2489 1418 2533; x_wconf 88' lang='lat' dir='ltr'><strong>aliorum</strong></span> <span class='ocrx_word' id='word_1_315' title='bbox 1447 2491 1632 2534; x_wconf 89' lang='lat' dir='ltr'><strong>crimina</strong></span> <span class='ocrx_word' id='word_1_316' title='bbox 1650 2490 1817 2534; x_wconf 82' lang='lat' dir='ltr'><strong>ferrent</strong></span> <span class='ocrx_word' id='word_1_317' title='bbox 1845 2491 1984 2534; x_wconf 91' lang='lat' dir='ltr'><strong>inulta</strong></span> <span class='ocrx_word' id='word_1_318' title='bbox 2013 2498 2057 2534; x_wconf 85' lang='lat' dir='ltr'><strong>et</strong></span> <span class='ocrx_word' id='word_1_319' title='bbox 2085 2491 2310 2548; x_wconf 84' lang='lat' dir='ltr'><strong>impunita.</strong></span> <span class='ocrx_word' id='word_1_320' title='bbox 2359 2491 2661 2547; x_wconf 73' lang='lat' dir='ltr'><strong>Quaecunque</strong></span> 
     </span>
     <span class='ocr_line' id='line_1_54' title="bbox 219 2568 2663 2627; baseline 0 -14"><span class='ocrx_word' id='word_1_321' title='bbox 219 2583 329 2613; x_wconf 82' lang='lat' dir='ltr'><strong>vero</strong></span> <span class='ocrx_word' id='word_1_322' title='bbox 358 2570 403 2611; x_wconf 89' lang='lat' dir='ltr'><strong>in</strong></span> <span class='ocrx_word' id='word_1_323' title='bbox 432 2578 553 2612; x_wconf 88' lang='lat' dir='ltr'><strong>terra</strong></span> <span class='ocrx_word' id='word_1_324' title='bbox 580 2578 796 2627; x_wconf 85' lang='lat' dir='ltr'><strong>geruntur</strong></span> <span class='ocrx_word' id='word_1_325' title='bbox 824 2571 999 2627; x_wconf 89' lang='lat' dir='ltr'><strong>injuste,</strong></span> <span class='ocrx_word' id='word_1_326' title='bbox 1028 2570 1249 2624; x_wconf 88' lang='lat' dir='ltr'><strong>improbe,</strong></span> <span class='ocrx_word' id='word_1_327' title='bbox 1279 2568 1473 2622; x_wconf 84' lang='lat' dir='ltr'><strong>fortuito,</strong></span> <span class='ocrx_word' id='word_1_328' title='bbox 1504 2585 1560 2613; x_wconf 85' lang='lat' dir='ltr'><strong>ea</strong></span> <span class='ocrx_word' id='word_1_329' title='bbox 1586 2571 1694 2613; x_wconf 90' lang='lat' dir='ltr'><strong>fiunt</strong></span> <span class='ocrx_word' id='word_1_330' title='bbox 1721 2571 1948 2613; x_wconf 88' lang='lat' dir='ltr'><strong>hominum</strong></span> <span class='ocrx_word' id='word_1_331' title='bbox 1977 2571 2246 2627; x_wconf 84' lang='lat' dir='ltr'><strong>degenerum</strong></span> <span class='ocrx_word' id='word_1_332' title='bbox 2272 2569 2488 2626; x_wconf 81' lang='lat' dir='ltr'><strong>pravitate</strong></span> <span class='ocrx_word' id='word_1_333' title='bbox 2515 2583 2663 2626; x_wconf 90' lang='lat' dir='ltr'><strong>neque</strong></span> 
     </span>
     <span class='ocr_line' id='line_1_55' title="bbox 221 2647 2632 2706; baseline -0.001 -15"><span class='ocrx_word' id='word_1_334' title='bbox 221 2647 280 2691; x_wconf 81' lang='lat' dir='ltr'><strong>ab</strong></span> <span class='ocrx_word' id='word_1_335' title='bbox 307 2647 504 2692; x_wconf 84' lang='lat' dir='ltr'><strong>Aethere</strong></span> <span class='ocrx_word' id='word_1_336' title='bbox 531 2648 736 2691; x_wconf 81' lang='lat' dir='ltr'><strong>videntur</strong></span> <span class='ocrx_word' id='word_1_337' title='bbox 765 2649 880 2705; x_wconf 85' lang='lat' dir='ltr'><strong>regi,</strong></span> <span class='ocrx_word' id='word_1_338' title='bbox 920 2649 1002 2690; x_wconf 91' lang='lat' dir='ltr'><strong>sed</strong></span> <span class='ocrx_word' id='word_1_339' title='bbox 1030 2662 1086 2690; x_wconf 88' lang='lat' dir='ltr'><strong>ex</strong></span> <span class='ocrx_word' id='word_1_340' title='bbox 1115 2647 1280 2690; x_wconf 88' lang='lat' dir='ltr'><strong>Terrae</strong></span> <span class='ocrx_word' id='word_1_341' title='bbox 1307 2655 1468 2690; x_wconf 88' lang='lat' dir='ltr'><strong>natura</strong></span> <span class='ocrx_word' id='word_1_342' title='bbox 1495 2657 1693 2701; x_wconf 88' lang='lat' dir='ltr'><strong>manant,</strong></span> <span class='ocrx_word' id='word_1_343' title='bbox 1724 2650 1769 2690; x_wconf 90' lang='lat' dir='ltr'><strong>in</strong></span> <span class='ocrx_word' id='word_1_344' title='bbox 1799 2664 1931 2706; x_wconf 88' lang='lat' dir='ltr'><strong>quam</strong></span> <span class='ocrx_word' id='word_1_345' title='bbox 1960 2650 2092 2692; x_wconf 87' lang='lat' dir='ltr'><strong>etiam</strong></span> <span class='ocrx_word' id='word_1_346' title='bbox 2120 2649 2321 2692; x_wconf 90' lang='lat' dir='ltr'><strong>recidunt</strong></span> <span class='ocrx_word' id='word_1_347' title='bbox 2346 2648 2632 2704; x_wconf 90' lang='lat' dir='ltr'><strong>redeuntque.</strong></span> 
     </span>
    </p>
   </div>
   <div class='ocr_carea' id='block_1_11' title="bbox 892 2723 1888 2787">
    <p class='ocr_par' dir='ltr' id='par_1_14' title="bbox 892 2723 1888 2787">
     <span class='ocr_line' id='line_1_56' title="bbox 892 2723 1888 2787; baseline -0.001 -15"><span class='ocrx_word' id='word_1_348' title='bbox 892 2724 1048 2787; x_wconf 81' lang='grc' dir='ltr'><em>Ἀρετὴ</em></span> <span class='ocrx_word' id='word_1_349' title='bbox 1079 2727 1128 2771; x_wconf 77' lang='grc' dir='ltr'><em>δὲ</em></span> <span class='ocrx_word' id='word_1_350' title='bbox 1156 2723 1236 2770; x_wconf 69' lang='grc' dir='ltr'><strong>κᾶν</strong></span> <span class='ocrx_word' id='word_1_351' title='bbox 1266 2724 1386 2786; x_wconf 77' lang='grc' dir='ltr'><em>θάνῃ</em></span> <span class='ocrx_word' id='word_1_352' title='bbox 1415 2744 1483 2780; x_wconf 89' lang='grc' dir='ltr'><strong>τις</strong></span> <span class='ocrx_word' id='word_1_353' title='bbox 1518 2724 1596 2770; x_wconf 72' lang='grc' dir='ltr'><strong>οὒκ</strong></span> <span class='ocrx_word' id='word_1_354' title='bbox 1627 2725 1888 2781; x_wconf 76' lang='grc' dir='ltr'><em>ἀπόλλυται,</em></span> 
     </span>
    </p>
   </div>
   <div class='ocr_carea' id='block_1_12' title="bbox 903 2802 1896 2866">
    <p class='ocr_par' dir='ltr' id='par_1_15' title="bbox 903 2802 1896 2866">
     <span class='ocr_line' id='line_1_57' title="bbox 903 2802 1896 2866; baseline 0 -15"><span class='ocrx_word' id='word_1_355' title='bbox 903 2806 955 2866; x_wconf 82' lang='grc' dir='ltr'><strong>ζῇ</strong></span> <span class='ocrx_word' id='word_1_356' title='bbox 985 2803 1028 2851; x_wconf 74' lang='grc' dir='ltr'><em>δ’</em></span> <span class='ocrx_word' id='word_1_357' title='bbox 1064 2803 1203 2850; x_wconf 75' lang='grc' dir='ltr'><em>οὐκέτ’</em></span> <span class='ocrx_word' id='word_1_358' title='bbox 1237 2802 1362 2858; x_wconf 74' lang='grc' dir='ltr'><em>’ὄντος</em></span> <span class='ocrx_word' id='word_1_359' title='bbox 1391 2804 1609 2863; x_wconf 86' lang='grc' dir='ltr'><em>σώματος.</em></span> <span class='ocrx_word' id='word_1_360' title='bbox 1640 2813 1816 2851; x_wconf 82' lang='grc' dir='ltr'><em>κακοῖσι</em></span> <span class='ocrx_word' id='word_1_361' title='bbox 1846 2809 1896 2851; x_wconf 80' lang='grc' dir='ltr'><em>δὲ</em></span> 
     </span>
    </p>
   </div>
   <div class='ocr_carea' id='block_1_13' title="bbox 900 2883 2354 2945">
    <p class='ocr_par' dir='ltr' id='par_1_16' title="bbox 900 2883 2354 2945">
     <span class='ocr_line' id='line_1_58' title="bbox 900 2883 2354 2945; baseline -0.002 -17"><span class='ocrx_word' id='word_1_362' title='bbox 900 2884 1076 2929; x_wconf 78' lang='grc' dir='ltr'><em>ἅπαντα</em></span> <span class='ocrx_word' id='word_1_363' title='bbox 1106 2887 1282 2945; x_wconf 86' lang='grc' dir='ltr'><em>φροῦδα</em></span> <span class='ocrx_word' id='word_1_364' title='bbox 1311 2883 1585 2928; x_wconf 61' lang='grc' dir='ltr'><em>συνθανόνθ)</em></span> <span class='ocrx_word' id='word_1_365' title='bbox 1618 2884 1709 2929; x_wconf 70' lang='grc' dir='ltr'><strong>ὑπὸ</strong></span> <span class='ocrx_word' id='word_1_366' title='bbox 1736 2885 1915 2941; x_wconf 86' lang='grc' dir='ltr'><em>χθονός.</em></span> <span class='ocrx_word' id='word_1_367' title='bbox 1947 2887 2188 2939; x_wconf 88' lang='lat' dir='ltr'><strong>(Temenid.</strong></span> <span class='ocrx_word' id='word_1_368' title='bbox 2218 2885 2270 2927; x_wconf 86' lang='lat' dir='ltr'><strong>fr.</strong></span> <span class='ocrx_word' id='word_1_369' title='bbox 2301 2886 2354 2934; x_wconf 86' lang='lat'><strong>1.)</strong></span> 
     </span>
    </p>
   </div>
   <div class='ocr_carea' id='block_1_14' title="bbox 354 2996 2669 3219">
    <p class='ocr_par' dir='ltr' id='par_1_17' title="bbox 354 2996 2669 3219">
     <span class='ocr_line' id='line_1_59' title="bbox 356 2996 2665 3048; baseline 0 -17"><span class='ocrx_word' id='word_1_370' title='bbox 356 3003 464 3045; x_wconf 82' lang='lat' dir='ltr'><strong>caput</strong></span> <span class='ocrx_word' id='word_1_371' title='bbox 486 2997 621 3034; x_wconf 82' lang='lat' dir='ltr'><strong>Troad.</strong></span> <span class='ocrx_word' id='word_1_372' title='bbox 646 2999 727 3034; x_wconf 81' lang='lat'>881.</span> <span class='ocrx_word' id='word_1_373' title='bbox 777 2996 882 3035; x_wconf 70' lang='lat' dir='ltr'><strong>Quae</strong></span> <span class='ocrx_word' id='word_1_374' title='bbox 906 3010 986 3033; x_wconf 89' lang='lat' dir='ltr'><strong>cum</strong></span> <span class='ocrx_word' id='word_1_375' title='bbox 1010 3010 1034 3034; x_wconf 84' lang='lat' dir='ltr'><strong>a</strong></span> <span class='ocrx_word' id='word_1_376' title='bbox 1059 2996 1196 3035; x_wconf 79' lang='lat' dir='ltr'><strong>femina</strong></span> <span class='ocrx_word' id='word_1_377' title='bbox 1218 2997 1429 3035; x_wconf 83' lang='lat' dir='ltr'><strong>veneranda</strong></span> <span class='ocrx_word' id='word_1_378' title='bbox 1453 2999 1718 3036; x_wconf 78' lang='lat' dir='ltr'><strong>calamitatibus</strong></span> <span class='ocrx_word' id='word_1_379' title='bbox 1742 3011 1919 3047; x_wconf 82' lang='lat' dir='ltr'><strong>oppressa</strong></span> <span class='ocrx_word' id='word_1_380' title='bbox 1941 3000 2228 3048; x_wconf 83' lang='lat' dir='ltr'><strong>pronuntientur,</strong></span> <span class='ocrx_word' id='word_1_381' title='bbox 2258 2996 2415 3032; x_wconf 79' lang='lat' dir='ltr'><strong>dubitari</strong></span> <span class='ocrx_word' id='word_1_382' title='bbox 2438 2997 2506 3032; x_wconf 85' lang='lat' dir='ltr'><strong>vix</strong></span> <span class='ocrx_word' id='word_1_383' title='bbox 2527 3002 2665 3044; x_wconf 80' lang='lat' dir='ltr'><strong>potest,</strong></span> 
     </span>
     <span class='ocr_line' id='line_1_60' title="bbox 358 3052 2666 3103; baseline 0 -14"><span class='ocrx_word' id='word_1_384' title='bbox 358 3055 443 3099; x_wconf 77' lang='lat' dir='ltr'><strong>quin</strong></span> <span class='ocrx_word' id='word_1_385' title='bbox 466 3060 600 3101; x_wconf 80' lang='lat' dir='ltr'><strong>poetae</strong></span> <span class='ocrx_word' id='word_1_386' title='bbox 624 3057 737 3102; x_wconf 78' lang='lat' dir='ltr'><strong>ipsius</strong></span> <span class='ocrx_word' id='word_1_387' title='bbox 760 3056 935 3101; x_wconf 88' lang='lat' dir='ltr'><strong>judicium</strong></span> <span class='ocrx_word' id='word_1_388' title='bbox 960 3057 1177 3102; x_wconf 82' lang='lat' dir='ltr'><strong>exprimant.</strong></span> <span class='ocrx_word' id='word_1_389' title='bbox 1225 3055 1302 3091; x_wconf 87' lang='lat' dir='ltr'><strong>Sed</strong></span> <span class='ocrx_word' id='word_1_390' title='bbox 1324 3055 1509 3100; x_wconf 88' lang='lat' dir='ltr'><strong>quomodo</strong></span> <span class='ocrx_word' id='word_1_391' title='bbox 1532 3056 1700 3103; x_wconf 80' lang='lat' dir='ltr'><strong>Juppiter</strong></span> <span class='ocrx_word' id='word_1_392' title='bbox 1722 3055 1878 3093; x_wconf 76' lang='lat' dir='ltr'><strong>fortasse</strong></span> <span class='ocrx_word' id='word_1_393' title='bbox 1903 3069 2005 3093; x_wconf 78' lang='lat' dir='ltr'><strong>mens</strong></span> <span class='ocrx_word' id='word_1_394' title='bbox 2028 3054 2229 3091; x_wconf 80' lang='lat' dir='ltr'><strong>mortalium</strong></span> <span class='ocrx_word' id='word_1_395' title='bbox 2254 3064 2339 3098; x_wconf 76' lang='lat' dir='ltr'><strong>esse</strong></span> <span class='ocrx_word' id='word_1_396' title='bbox 2363 3052 2434 3089; x_wconf 87' lang='lat' dir='ltr'><strong>dici</strong></span> <span class='ocrx_word' id='word_1_397' title='bbox 2457 3053 2585 3101; x_wconf 68' lang='lat' dir='ltr'><strong>pouit,</strong></span> <span class='ocrx_word' id='word_1_398' title='bbox 2613 3052 2666 3090; x_wconf 77' lang='lat' dir='ltr'><strong>fa·</strong></span> 
     </span>
     <span class='ocr_line' id='line_1_61' title="bbox 356 3109 2667 3162; baseline 0 -15"><span class='ocrx_word' id='word_1_399' title='bbox 356 3117 438 3147; x_wconf 81' lang='lat' dir='ltr'><strong>teor</strong></span> <span class='ocrx_word' id='word_1_400' title='bbox 460 3122 519 3148; x_wconf 89' lang='lat' dir='ltr'><strong>me</strong></span> <span class='ocrx_word' id='word_1_401' title='bbox 548 3113 737 3158; x_wconf 82' lang='lat' dir='ltr'><strong>ignorare,</strong></span> <span class='ocrx_word' id='word_1_402' title='bbox 767 3113 836 3149; x_wconf 78' lang='lat' dir='ltr'><strong>etsi</strong></span> <span class='ocrx_word' id='word_1_403' title='bbox 857 3111 1037 3160; x_wconf 80' lang='lat' dir='ltr'><strong>Euripidis</strong></span> <span class='ocrx_word' id='word_1_404' title='bbox 1061 3113 1181 3149; x_wconf 85' lang='lat' dir='ltr'><strong>animo</strong></span> <span class='ocrx_word' id='word_1_405' title='bbox 1206 3125 1285 3149; x_wconf 88' lang='lat' dir='ltr'><strong>cum</strong></span> <span class='ocrx_word' id='word_1_406' title='bbox 1308 3112 1401 3149; x_wconf 84' lang='lat' dir='ltr'><strong>haec</strong></span> <span class='ocrx_word' id='word_1_407' title='bbox 1423 3112 1617 3157; x_wconf 72' lang='lat' dir='ltr'><strong>scriberet,</strong></span> <span class='ocrx_word' id='word_1_408' title='bbox 1640 3115 1888 3162; x_wconf 80' lang='lat' dir='ltr'><strong>Anaxagorae</strong></span> <span class='ocrx_word' id='word_1_409' title='bbox 1913 3113 1958 3149; x_wconf 89' lang='lat' dir='ltr'><strong>de</strong></span> <span class='ocrx_word' id='word_1_410' title='bbox 1983 3112 2053 3149; x_wconf 89' lang='lat' dir='ltr'><strong>deo</strong></span> <span class='ocrx_word' id='word_1_411' title='bbox 2076 3110 2255 3148; x_wconf 75' lang='lat' dir='ltr'><strong>sententia</strong></span> <span class='ocrx_word' id='word_1_412' title='bbox 2283 3109 2479 3147; x_wconf 72' lang='lat' dir='ltr'><strong>obversata</strong></span> <span class='ocrx_word' id='word_1_413' title='bbox 2503 3120 2591 3147; x_wconf 67' lang='lat' dir='ltr'><strong>etse</strong></span> <span class='ocrx_word' id='word_1_414' title='bbox 2613 3111 2667 3147; x_wconf 88' lang='lat' dir='ltr'><strong>vi·</strong></span> 
     </span>
     <span class='ocr_line' id='line_1_62' title="bbox 354 3166 2669 3219; baseline -0.001 -15"><span class='ocrx_word' id='word_1_415' title='bbox 354 3166 500 3214; x_wconf 73' lang='lat' dir='ltr'><strong>dentur,</strong></span> <span class='ocrx_word' id='word_1_416' title='bbox 533 3179 641 3217; x_wconf 82' lang='lat' dir='ltr'><strong>quam</strong></span> <span class='ocrx_word' id='word_1_417' title='bbox 663 3169 695 3206; x_wconf 82' lang='lat' dir='ltr'><strong>si</strong></span> <span class='ocrx_word' id='word_1_418' title='bbox 718 3169 806 3206; x_wconf 81' lang='lat' dir='ltr'><strong>satis</strong></span> <span class='ocrx_word' id='word_1_419' title='bbox 836 3170 1108 3219; x_wconf 74' lang='lat' dir='ltr'><strong>perspexisset,</strong></span> <span class='ocrx_word' id='word_1_420' title='bbox 1141 3175 1241 3207; x_wconf 82' lang='lat' dir='ltr'><strong>certe</strong></span> <span class='ocrx_word' id='word_1_421' title='bbox 1270 3180 1343 3206; x_wconf 88' lang='lat' dir='ltr'><strong>non</strong></span> <span class='ocrx_word' id='word_1_422' title='bbox 1374 3169 1430 3206; x_wconf 82' lang='lat' dir='ltr'><strong>his</strong></span> <span class='ocrx_word' id='word_1_423' title='bbox 1453 3170 1577 3207; x_wconf 77' lang='lat' dir='ltr'><strong>verbis</strong></span> <span class='ocrx_word' id='word_1_424' title='bbox 1608 3170 1825 3208; x_wconf 82' lang='lat' dir='ltr'><strong>reddidisset</strong></span> <span class='ocrx_word' id='word_1_425' title='bbox 1847 3171 1912 3217; x_wconf 78' lang='lat' dir='ltr'><strong>(cs.</strong></span> <span class='ocrx_word' id='word_1_426' title='bbox 1936 3171 1958 3205; x_wconf 91' lang='grc' dir='ltr'><strong>Ι.</strong></span> <span class='ocrx_word' id='word_1_427' title='bbox 1985 3182 2016 3206; x_wconf 92' lang='lat' dir='ltr'><strong>c.</strong></span> <span class='ocrx_word' id='word_1_428' title='bbox 2041 3180 2076 3217; x_wconf 92' lang='lat' dir='ltr'><strong>p.</strong></span> <span class='ocrx_word' id='word_1_429' title='bbox 2105 3169 2191 3213; x_wconf 86' lang='lat'>10.).</span> <span class='ocrx_word' id='word_1_430' title='bbox 2225 3187 2272 3193; x_wconf 89' lang='lat'>-</span> <span class='ocrx_word' id='word_1_431' title='bbox 2295 3167 2488 3215; x_wconf 74' lang='lat' dir='ltr'><strong>Copiosius</strong></span> <span class='ocrx_word' id='word_1_432' title='bbox 2519 3167 2567 3202; x_wconf 80' lang='lat' dir='ltr'><strong>de</strong></span> <span class='ocrx_word' id='word_1_433' title='bbox 2596 3168 2669 3203; x_wconf 81' lang='lat' dir='ltr'><strong>hoc</strong></span> 
     </span>
    </p>
   </div>
   <div class='ocr_carea' id='block_1_15' title="bbox 352 3223 1219 3273">
    <p class='ocr_par' dir='ltr' id='par_1_18' title="bbox 352 3223 1219 3273">
     <span class='ocr_line' id='line_1_63' title="bbox 352 3223 1219 3273; baseline 0.006 -16"><span class='ocrx_word' id='word_1_434' title='bbox 352 3223 437 3259; x_wconf 88' lang='lat' dir='ltr'><strong>loco</strong></span> <span class='ocrx_word' id='word_1_435' title='bbox 461 3227 536 3272; x_wconf 76' lang='lat' dir='ltr'><strong>egit</strong></span> <span class='ocrx_word' id='word_1_436' title='bbox 558 3226 821 3261; x_wconf 84' lang='lat' dir='ltr'><strong>Schneitherus</strong></span> <span class='ocrx_word' id='word_1_437' title='bbox 845 3227 871 3262; x_wconf 85' lang='grc'><strong>1.</strong></span> <span class='ocrx_word' id='word_1_438' title='bbox 898 3239 930 3262; x_wconf 87' lang='lat' dir='ltr'><strong>c.</strong></span> <span class='ocrx_word' id='word_1_439' title='bbox 954 3238 992 3273; x_wconf 91' lang='lat' dir='ltr'><strong>p.</strong></span> <span class='ocrx_word' id='word_1_440' title='bbox 1017 3227 1063 3261; x_wconf 81' lang='lat'><strong>29</strong></span> <span class='ocrx_word' id='word_1_441' title='bbox 1086 3239 1143 3273; x_wconf 83' lang='lat' dir='ltr'><strong>sq.</strong></span> <span class='ocrx_word' id='word_1_442' title='bbox 1173 3247 1219 3253; x_wconf 91' lang='lat'>—</span> 
     </span>
    </p>
   </div>
   <div class='ocr_carea' id='block_1_16' title="bbox 296 3291 2670 3406">
    <p class='ocr_par' dir='ltr' id='par_1_19' title="bbox 296 3291 2670 3406">
     <span class='ocr_line' id='line_1_64' title="bbox 296 3291 2670 3345; baseline 0.003 -20"><span class='ocrx_word' id='word_1_443' title='bbox 296 3292 326 3334; x_wconf 85' lang='lat'><strong>¹)</strong></span> <span class='ocrx_word' id='word_1_444' title='bbox 349 3291 474 3327; x_wconf 79' lang='lat' dir='ltr'><strong>Schol.</strong></span> <span class='ocrx_word' id='word_1_445' title='bbox 499 3295 546 3329; x_wconf 69' lang='lat' dir='ltr'><strong>ad</strong></span> <span class='ocrx_word' id='word_1_446' title='bbox 571 3295 607 3330; x_wconf 82' lang='lat' dir='ltr'><strong>h.</strong></span> <span class='ocrx_word' id='word_1_447' title='bbox 626 3296 651 3330; x_wconf 86' lang='lat' dir='ltr'><strong>l.</strong></span> <span class='ocrx_word' id='word_1_448' title='bbox 677 3293 697 3329; x_wconf 82' lang='grc' dir='ltr'><strong>ὁ</strong></span> <span class='ocrx_word' id='word_1_449' title='bbox 721 3299 822 3334; x_wconf 76' lang='grc' dir='ltr'><em>θεῖος</em></span> <span class='ocrx_word' id='word_1_450' title='bbox 844 3292 959 3341; x_wconf 83' lang='grc' dir='ltr'><em>νόμος</em></span> <span class='ocrx_word' id='word_1_451' title='bbox 981 3294 1155 3339; x_wconf 74' lang='grc' dir='ltr'><em>ἀναχθεὶς</em></span> <span class='ocrx_word' id='word_1_452' title='bbox 1179 3298 1229 3336; x_wconf 74' lang='grc' dir='ltr'><em>εἲς</em></span> <span class='ocrx_word' id='word_1_453' title='bbox 1252 3296 1308 3340; x_wconf 71' lang='grc' dir='ltr'><em>σὲ,</em></span> <span class='ocrx_word' id='word_1_454' title='bbox 1331 3298 1365 3333; x_wconf 73' lang='grc' dir='ltr'><em>εἰ</em></span> <span class='ocrx_word' id='word_1_455' title='bbox 1389 3296 1434 3332; x_wconf 80' lang='grc' dir='ltr'><strong>οὐ</strong></span> <span class='ocrx_word' id='word_1_456' title='bbox 1457 3295 1710 3345; x_wconf 72' lang='grc' dir='ltr'><em>κυρωθὴσεται</em></span> <span class='ocrx_word' id='word_1_457' title='bbox 1733 3299 1796 3333; x_wconf 75' lang='grc' dir='ltr'><strong>καὶ</strong></span> <span class='ocrx_word' id='word_1_458' title='bbox 1817 3295 1868 3345; x_wconf 80' lang='grc' dir='ltr'><strong>μὴ</strong></span> <span class='ocrx_word' id='word_1_459' title='bbox 1892 3293 2024 3338; x_wconf 84' lang='grc' dir='ltr'><em>ποινὴν</em></span> <span class='ocrx_word' id='word_1_460' title='bbox 2047 3292 2244 3339; x_wconf 82' lang='grc' dir='ltr'><em>δώσουσιν,</em></span> <span class='ocrx_word' id='word_1_461' title='bbox 2270 3294 2308 3330; x_wconf 75' lang='grc' dir='ltr'><strong>οἳ</strong></span> <span class='ocrx_word' id='word_1_462' title='bbox 2330 3292 2415 3336; x_wconf 74' lang='grc' dir='ltr'><em>τοὺς</em></span> <span class='ocrx_word' id='word_1_463' title='bbox 2437 3295 2572 3342; x_wconf 75' lang='grc' dir='ltr'><em>φίλους</em></span> <span class='ocrx_word' id='word_1_464' title='bbox 2593 3306 2670 3342; x_wconf 82' lang='grc' dir='ltr'><em>φο-</em></span> 
     </span>
     <span class='ocr_line' id='line_1_65' title="bbox 351 3343 2670 3406; baseline 0.002 -23"><span class='ocrx_word' id='word_1_465' title='bbox 351 3343 501 3385; x_wconf 81' lang='grc' dir='ltr'><em>νεύουσι</em></span> <span class='ocrx_word' id='word_1_466' title='bbox 523 3351 587 3387; x_wconf 73' lang='grc' dir='ltr'><strong>καὶ</strong></span> <span class='ocrx_word' id='word_1_467' title='bbox 609 3350 886 3402; x_wconf 77' lang='grc' dir='ltr'><em>ἱεροσυλοῦσιν,</em></span> <span class='ocrx_word' id='word_1_468' title='bbox 919 3347 987 3388; x_wconf 76' lang='grc' dir='ltr'><em>οὐκ</em></span> <span class='ocrx_word' id='word_1_469' title='bbox 1017 3349 1117 3391; x_wconf 81' lang='grc' dir='ltr'><em>ἔστιν</em></span> <span class='ocrx_word' id='word_1_470' title='bbox 1147 3348 1223 3391; x_wconf 77' lang='grc' dir='ltr'><strong>ἀπὸ</strong></span> <span class='ocrx_word' id='word_1_471' title='bbox 1253 3352 1328 3393; x_wconf 80' lang='grc' dir='ltr'><strong>τῶν</strong></span> <span class='ocrx_word' id='word_1_472' title='bbox 1353 3353 1652 3404; x_wconf 77' lang='grc' dir='ltr'><em>πολιτευομένων</em></span> <span class='ocrx_word' id='word_1_473' title='bbox 1673 3351 1901 3406; x_wconf 76' lang='grc' dir='ltr'><em>πραγμάτων</em></span> <span class='ocrx_word' id='word_1_474' title='bbox 1923 3351 1964 3406; x_wconf 67' lang='grc' dir='ltr'><strong>ἰν</strong></span> <span class='ocrx_word' id='word_1_475' title='bbox 1987 3354 2060 3392; x_wconf 78' lang='grc' dir='ltr'><em>τοῖς</em></span> <span class='ocrx_word' id='word_1_476' title='bbox 2083 3348 2297 3401; x_wconf 77' lang='grc' dir='ltr'><em>ἀνθρώποις</em></span> <span class='ocrx_word' id='word_1_477' title='bbox 2320 3351 2362 3390; x_wconf 71' lang='grc' dir='ltr'><em>ἓν</em></span> <span class='ocrx_word' id='word_1_478' title='bbox 2384 3348 2523 3396; x_wconf 70' lang='grc' dir='ltr'><em>ἰσότητι</em></span> <span class='ocrx_word' id='word_1_479' title='bbox 2545 3349 2670 3395; x_wconf 79' lang='grc' dir='ltr'><em>οὐδὲν,</em></span> 
     </span>
    </p>
   </div>
   <div class='ocr_carea' id='block_1_17' title="bbox 350 3401 782 3460">
    <p class='ocr_par' dir='ltr' id='par_1_20' title="bbox 350 3401 782 3460">
     <span class='ocr_line' id='line_1_66' title="bbox 350 3401 782 3460; baseline 0 -15"><span class='ocrx_word' id='word_1_480' title='bbox 350 3401 468 3452; x_wconf 79' lang='grc' dir='ltr'><em>ἤγουν</em></span> <span class='ocrx_word' id='word_1_481' title='bbox 490 3404 532 3444; x_wconf 67' lang='grc' dir='ltr'><em>ἐν</em></span> <span class='ocrx_word' id='word_1_482' title='bbox 553 3405 782 3460; x_wconf 71' lang='grc' dir='ltr'><em>δικαιοσύνῃ.</em></span> 
     </span>
    </p>
   </div>
   <div class='ocr_carea' id='block_1_18' title="bbox 2356 3411 2399 3445">
    <p class='ocr_par' dir='ltr' id='par_1_21' title="bbox 2356 3411 2399 3445">
     <span class='ocr_line' id='line_1_67' title="bbox 2356 3411 2399 3445; baseline -0.023 0"><span class='ocrx_word' id='word_1_483' title='bbox 2356 3411 2399 3445; x_wconf 86' lang='lat'><strong>10</strong></span> 
     </span>
    </p>
   </div>
  </div>
 </body>
</html>
