3117 3854
1361 144 1787 200 *aaa*

346 267 537 313 crimina
555 274 600 314 et
629 268 905 313 calamitates
933 267 1150 324 originem
1177 266 1357 310 trahunt
1385 280 1443 309 ex
1470 265 1560 308 hac
1586 265 1679 310 vita
1707 272 1752 309 et
1780 280 1838 310 ex
1865 266 1954 310 hac
1981 272 2114 321 terra,
2143 282 2233 325 qua
2260 270 2499 327 gignuntur
2527 282 2683 313 omnes
2710 284 2799 325 res,

346 362 464 406 quae
492 347 728 392 infeliciter
756 354 801 389 et
827 346 992 404 injuste
1021 346 1284 403 contingunt
1314 344 1391 398 (cf.
1423 359 1632 401 suprap.
1667 344 1754 398 16.)
1794 348 1838 398 ¹).

482 426 582 470 Jam
626 426 682 469 de
727 424 960 482 Iphigenia
995 424 1231 468 Aulidensi
1268 424 1485 467 nonnulla
1517 425 1646 482 juvat
1687 424 1926 468 disserere.
1993 425 2217 481 Prospere
2265 428 2429 469 cedere
2473 429 2800 484 expeditionem

349 504 642 556 Graecorum,
681 503 756 560 qui
783 504 931 547 ventis
960 503 1168 546 adversis
1202 503 1249 544 in
1277 502 1460 555 Aulide,
1499 502 1711 545 Euboeae
1739 509 1891 558 portu,
1930 504 2253 555 retinebantur,
2291 503 2641 559 Agamemnonis
2672 507 2798 550 ducis

343 581 581 639 plurimum
608 578 823 635 interfuit3
852 588 899 625 at
927 595 1034 626 vero
1065 595 1156 626 non
1185 587 1310 626 tanta
1338 581 1509 639 gloriae
1540 580 1778 638 cupiditate
1807 581 2040 640 flagrabat,
2069 588 2117 624 ut
2145 581 2262 625 filiae
2289 581 2422 626 saluti
2452 595 2551 626 eam
2579 583 2679 627 sine
2705 585 2800 628 ulla

342 662 481 706 animi
507 661 804 706 haesitatione
834 659 1138 705 antehaberet.
1200 659 1398 705 Calchas
1428 660 1544 705 enim
1572 667 1699 705 vates
1729 660 2048 717 interrogatus,
2079 662 2138 705 dii
2177 675 2264 719 quo
2300 662 2478 718 piaculo
2514 662 2800 719 placarentur

342 741 652 798 angustiisque
692 741 1009 796 expedirentur
1045 742 1229 797 copiae,
1268 755 1367 785 cum
1398 739 1600 783 Graecos
1631 739 1801 784 diceret
1829 755 2046 784 successu
2074 755 2165 784 non
2194 741 2278 793 uti,
2315 741 2403 786 nisi
2430 741 2648 787 Artemidi
2673 742 2799 787 victi-

340 827 463 863 mata
491 827 615 864 esset
633 819 877 877 iphigenia,
906 819 1258 878 Agamemnonis
1277 826 1394 872 nata,
1421 819 1539 875 patri
1567 827 1800 875 praestare
1819 820 2007 873 videtur,
2036 833 2197 876 agmen
2226 821 2378 877 potius
2408 821 2638 876 dimittere,
2668 835 2800 880 quam

344 899 481 943 filiam
520 899 798 942 carissimam
847 899 1077 942 immolare
1111 904 1163 951 2).
1221 898 1467 941 Feliciores
1507 898 1628 942 ducit
1666 913 1787 950 esse,
1826 898 2076 955 quicunque
2114 899 2255 954 ignoti
2294 901 2392 944 sine
2426 900 2627 956 periculo
2663 901 2800 944 vitam

344 978 607 1034 transigant,
636 992 770 1034 quam
800 979 876 1034 qui
905 978 1097 1022 floreant
1127 977 1274 1019 onusti
1302 976 1563 1019 honoribus.
1612 977 1788 1018 Auditis
1818 985 1965 1019 tamen
1995 977 2173 1019 blandis
2202 977 2400 1020 Menelai
2427 979 2651 1033 precibus,
2680 980 2799 1022 omni

340 1057 516 1100 ratione
553 1056 797 1100 annitentis
837 1055 1020 1100 flectere
1057 1055 1185 1099 ducis
1222 1061 1415 1098 mentem
1445 1063 1489 1099 et
1526 1055 1571 1097 in
1607 1068 1715 1098 suas
1745 1054 1922 1099 trahere
1951 1062 2125 1111 partes,
2164 1056 2338 1099 animus
2377 1056 2598 1112 pellicitur
2628 1071 2657 1089 ⁰·
2675 1057 2799 1101 oriae

343 1134 594 1191 splendidis
622 1134 852 1179 illecebris
883 1143 926 1178 et
956 1134 1170 1190 captiosis
1199 1133 1350 1176 fratris
1381 1134 1652 1190 argumentis
1673 1134 1889 1190 jubetque
1920 1135 2098 1177 tandem
2126 1142 2267 1189 pater,
2295 1136 2459 1178 advehi
2487 1136 2636 1188 filiam,
2664 1137 2798 1180 simu-

340 1215 463 1267 lans,
497 1214 688 1271 virginis
722 1214 900 1270 nuptias
930 1228 980 1257 se
1009 1213 1210 1256 meditari
1244 1216 1295 1263 ³).
1356 1212 1454 1255 Hoc
1489 1212 1652 1254 nuncio
1698 1212 1878 1254 vixdum
1917 1212 2158 1255 adstrictus
2198 1221 2288 1264 est,
2330 1228 2428 1256 cum
2469 1229 2641 1258 summa
2676 1214 2797 1259 illico

342 1294 619 1351 poenitentia
653 1301 810 1350 pectus
846 1293 964 1337 subit
1003 1292 1273 1350 cruciatque.
1341 1292 1456 1335 Nam
1489 1292 1533 1333 in
1570 1290 1749 1335 fabulae
1784 1292 1970 1335 exordio
2009 1300 2112 1336 ante
2152 1292 2310 1335 oculos
2347 1293 2480 1335 nobis
2515 1294 2690 1350 positus
2728 1302 2801 1337 est

343 1373 623 1431 Agamemno
653 1373 799 1416 animo
827 1372 916 1416 huc
944 1371 1051 1416 illuc
1079 1373 1321 1415 fluctuante
1352 1378 1396 1414 et
1424 1371 1708 1414 vehementer
1728 1372 2006 1427 perturbato,
2043 1378 2196 1428 utpote
2225 1387 2280 1415 eo
2310 1372 2552 1425 inclinans,
2582 1381 2630 1416 ut
2658 1373 2798 1429 pieta-

346 1452 406 1496 tis
425 1454 533 1510 Jura
561 1465 743 1496 servare
773 1451 932 1510 magis,
962 1465 1096 1510 quam
1125 1450 1293 1494 violare
1323 1450 1431 1494 velit
1453 1454 1505 1502 ⁴¹).
1544 1451 1775 1494 Postremo
1805 1451 1965 1494 insana
1993 1452 2193 1494 sentiens
2222 1465 2328 1494 sese
2359 1452 2652 1506 commisisse,
2681 1467 2799 1511 quae

342 1532 477 1575 modo
508 1531 683 1576 dixerat
710 1531 835 1574 irrita
865 1545 970 1575 esse
990 1530 1086 1574 vult
1114 1537 1322 1587 vetatque
1352 1544 1434 1586 per
1461 1530 1633 1573 litteras
1659 1544 1876 1587 apparere
1906 1531 2113 1587 puellam,
2142 1532 2321 1586 nuptias
2351 1546 2451 1574 cum
2479 1533 2525 1574 in
2553 1533 2688 1576 aliam
2717 1532 2798 1576 dif-

341 1609 462 1655 ferre
490 1609 644 1654 lubeat
672 1609 887 1667 temporis
918 1609 1272 1653 commoditatem
1304 1612 1353 1662 ³).
1411 1609 1608 1653 Litterae
1639 1617 1803 1661 tamen,
1843 1623 1955 1666 quas
1993 1611 2051 1652 ad
2080 1609 2482 1667 Clytaemnestram
2509 1613 2800 1655 mandaverat

341 1688 652 1745 perferendas,
683 1690 782 1732 seni
810 1687 976 1731 famulo
996 1689 1041 1731 vi
1060 1695 1379 1745 extorquentur
1398 1702 1426 1731 a
1444 1688 1670 1740 Menelao,
1701 1690 1746 1730 in
1776 1703 1906 1745 quem
1934 1690 2176 1745 irrepserat
2195 1690 2406 1745 suspicio,
2434 1698 2601 1733 mutata
2620 1699 2799 1734 senten-

344 1768 407 1811 tia
435 1782 527 1811 non
557 1775 680 1812 stare
716 1768 899 1812 fratrem
934 1768 1171 1823 promissis
1203 1767 1282 1820 (cf.
1310 1781 1352 1810 v.
1384 1766 1468 1810 303
1498 1772 1600 1824 sq.).
1669 1767 1957 1811 Vociferante
1986 1768 2218 1811 tabellario
2248 1769 2474 1812 accelerat
2500 1770 2798 1826 Agamemno3

343 1847 641 1892 acerbissima
679 1847 818 1892 oritur
856 1847 970 1892 inter
1008 1846 1170 1892 fratres
1207 1845 1458 1899 altercatio;
1497 1846 1735 1892 Menelaus
1771 1847 1971 1905 increpat
2007 1846 2404 1906 Agamemnonem,
2451 1848 2525 1907 qui
2573 1849 2632 1893 sit
2664 1848 2798 1893 homo

481 2029 540 2065 sq.
564 2037 611 2044 —-
631 2019 715 2054 Jon.
740 2030 776 2054 v.
802 2018 871 2053 440
892 2031 965 2064 sq.,
989 2030 1025 2054 v.
1043 2018 1105 2054 501
1134 2031 1204 2064 sq„
1228 2030 1264 2053 v.
1288 2017 1373 2053 1523
1396 2029 1453 2063 sq.
1480 2037 1524 2043 -—
1547 2017 1685 2053 Troad.
1711 2030 1747 2053 v.
1772 2017 1839 2053 969
1862 2029 1918 2064 sq.
1942 2038 1988 2045 —
2009 2019 2146 2055 Bacch.
2171 2031 2207 2054 v.
2232 2020 2277 2054 26
2300 2031 2357 2066 sq.
2382 2037 2428 2046 -·
2450 2019 2533 2055 Hel.
2551 2031 2588 2055 v.
2616 2019 2656 2055 17
2679 2030 2736 2065 sq.
2753 2039 2799 2046 —

481 2075 656 2112 Androm.
682 2087 718 2112 v.
747 2074 830 2111 1161
865 2087 923 2123 sq.
954 2096 1000 2102 —
1023 2073 1143 2111 orest.
1168 2086 1204 2111 v.
1231 2075 1296 2110 162
1319 2087 1395 2122 sq.,
1428 2087 1464 2112 v.
1489 2075 1556 2110 275
1580 2087 1656 2122 sq.,
1689 2086 1725 2111 v.
1752 2074 1817 2111 285
1842 2086 1921 2122 sq...
1952 2087 1988 2111 v.
2013 2074 2080 2111 416
2102 2087 2160 2122 sq.
2185 2095 2231 2101 —
2260 2075 2315 2111 Cf.
2341 2076 2467 2111 Schol.
2493 2075 2540 2110 ad
2562 2086 2691 2111 versus
2713 2086 2796 2123 pro·

481 2133 581 2167 xime
606 2132 800 2167 excitatos.
831 2134 931 2167 θέλει
955 2131 1118 2168 ἐνταῦθα
1143 2131 1258 2171 δεῖξαι
1283 2129 1302 2166 ὀ
1326 2133 1520 2170 ΝῙενέλαος
1544 2133 1592 2177 τῷ
1612 2132 1778 2181 ’ρρέστη,
1802 2129 1855 2165 ὅτι
1881 2131 1949 2176 οὐχ
1966 2130 1985 2165 ὁ
2004 2129 2193 2166 Ἀπόλλων
2217 2135 2432 2178 προςέταξεν
2449 2130 2547 2177 αὐτῷ
2563 2131 2628 2168 τὸν
2642 2133 2703 2174 τῆς
2723 2145 2798 2178 μη-

481 2187 564 2236 τρός
587 2186 726 2235 φόνον,
750 2186 829 2222 ἀλλ’
861 2191 1011 2224 οἴκοθεν
1034 2186 1287 2237 ἐργασάμενος
1308 2191 1451 2224 τοῦτον·
1477 2189 1556 2224 ἐπεὶ
1580 2188 1622 2224 δὲ
1648 2187 1834 2233 δυστυχεῖ,
1860 2186 2100 2234 προβάλλεται
2123 2186 2188 2224 τὸν
2204 2185 2418 2224 Ἀπόλλωνα
2441 2199 2497 2235 sq.
2520 2208 2565 2214 —

424 2258 452 2300 ¹)
478 2256 553 2348 {liz
571 2256 711 2348 σοιιιλῒοιὲἱ
733 2267 827 2348 quale
852 2256 898 2348 {le
923 2256 1053 2348 eadedm
1062 2256 1204 2348 drabullla
1227 2258 1343 2322 minus
1366 2256 1544 2323 subtiliter
1568 2256 1739 2348 ιὶίεεεὶυἰῑ
1762 2256 1989 2349 {Reganus
2012 2257 2036 2292 Ι.
2055 2269 2088 2348 3.
2107 2268 2142 2303 p.
2158 2256 2244 2349 ἷξε
2265 2256 2315 2348 :n
2340 2256 2661 2349 ἀετᾱΒῖῙι-εῗηυιις
2676 2255 2797 2348 :Jib-

478 2318 927 2416 ,35:‚202'52351022‘31‘
955 2323 1039 2405 ¹3¹„
1062 2316 2184 2417 85:301,fzz‘sszgfsssz'fssskmzsssszfgmnssffssssfzh'zssza‘zzm
2207 2323 2797 2416 &issima⁰5:053„ssssss

477 2425 590 2472 lytus;
623 2426 715 2461 auch
748 2425 937 2473 empflehlt
966 2437 1006 2461 es
1029 2427 1108 2461 sich
1132 2427 1179 2461 im
1205 2427 1384 2463 hiiehsten
1409 2427 1534 2463 Grade
1558 2427 1671 2463 durch
1697 2426 1756 2462 die
1779 2426 2021 2463 beobachtete
2045 2426 2332 2463 Schicklichkeit
2363 2427 2435 2463 und
2458 2427 2613 2463 sittliche
2637 2426 2796 2473 Sti-enge

477 2481 538 2516 bei
563 2482 682 2517 einem
705 2494 748 2517 so
774 2481 1039 2518 bedenklichen
1065 2482 1337 2529 Gegenstande.
1362 2503 1409 2510 -—

423 2550 454 2593 ²)
479 2546 628 2594 Κάλχας
652 2548 686 2584 δ’
717 2546 736 2584 ὁ
760 2546 891 2596 μάντις
913 2548 1054 2596 ἀπορία
1078 2552 1300 2598 κεχρημένος
1641 2548 1799 2588 θύσασι,
1820 2548 1872 2598 μὴ
1895 2547 2031 2586 θύσασι
2058 2549 2094 2585 δ’
2124 2549 2191 2586 οὐκ
2214 2550 2307 2587 εἶναι
2329 2548 2429 2587 τάδε.

478 2605 640 2648 ἀνεῖλεν,
660 2605 902 2652 Ἰφιγένειαν,
927 2601 973 2648 ἣν
996 2606 1134 2652 ἔσπειρ’
1164 2606 1249 2652 ἐγὼ,
1641 2604 1764 2642 κλύων
1787 2606 1823 2640 δ’
1852 2606 1924 2653 ἐγὼ
1947 2607 2065 2651 ταῦτ’,
2091 2607 2208 2655 ὀρθίῳ
2230 2605 2435 2656 κηρύγματι

470 2662 656 2710 Ἀρτέμιδι
678 2664 813 2705 θῦσαι,
837 2664 881 2710 τῇ
904 2660 982 2698 τόδ’
1012 2661 1162 2711 οἰκούσῃ
1188 2664 1315 2706 πέδον,
1644 2660 1857 2707 Ταλθύβιον
1879 2663 1986 2699 εἶπον
2008 2661 2114 2699 πάντ’
2144 2663 2296 2711 ἀφιέναι
2320 2663 2487 2711 στρατὸν,

478 2721 539 2754 καὶ
564 2720 685 2755 πλοῦν
707 2719 738 2754 τ’
768 2719 922 2755 ἔσεσθαι
945 2720 1008 2754 καὶ
1031 2718 1272 2766 κατασκαφὰς
1295 2722 1451 2767 φρυγῶν
1641 2719 1689 2760 ὡς
1713 2718 1840 2755 οὔποτ’
1861 2717 1908 2756 ἂν
1929 2718 2014 2760 τλὰς
2036 2723 2198 2767 θυγατέα
2221 2725 2391 2770 κτρανεῖν
2413 2719 2508 2769 ἐμήν
2523 2720 2727 2766 (v.908q.).

418 2786 450 2830 ³)
475 2779 519 2821 οὗ
542 2783 588 2830 δή
612 2785 653 2834 μ’
683 2785 863 2831 ἀδελφὸς,
888 2783 1008 2822 πάντα
1032 2788 1252 2834 προςιψέρων
1274 2785 1399 2834 λόγον,
1709 2786 1873 2834 γράψας,
1897 2788 2050 2835 ἔπεμψα
2074 2788 2168 2835 πρὸς
2189 2787 2361 2837 δάμαρτα
2384 2786 2450 2832 τὴν
2473 2787 2576 2836 ἐμὴν,

478 2842 601 2877 ἔπεισε
624 2843 751 2885 τλῆναι
775 2840 894 2877 δεινά·
917 2841 988 2878 κᾶν
1011 2843 1141 2877 δελτοῦ
1165 2847 1318 2889 πτυχαῖς
1712 2848 1871 2891 πέμπειν
1893 2844 2051 2890 Ἀχιλλεῖ
2069 2845 2242 2894 θυρατέρ’
2270 2843 2319 2886 ὠς
2336 2848 2576 2894 γαμουμένην
2589 2847 2639 2889 (ν.
2651 2843 2697 2880 98
2707 2844 2793 2890 sq.).

417 2911 449 2953 ⁴)
473 2907 522 2944 σὺ
546 2909 588 2944 δὲ
612 2911 825 2957 λαμπτῆρος
849 2906 947 2955 φάος
969 2907 1195 2956 ἀμπετάσας,
1640 2914 1703 2948 καὶ
1727 2914 1954 2958 σφραγίζεις,
1980 2909 2075 2951 λύεις
2097 2912 2129 2947 τ’
2160 2911 2293 2954 ὀπίσω,

477 2965 607 3002 δέλτον
630 2978 667 3002 τε
690 2964 849 3014 γράφεις
1641 2971 1777 3017 ῥίπτεις
1798 2981 1833 3004 τε
1858 2968 1959 3014 πέδῳ
1984 2965 2137 3012 πεύκην,
2158 2966 2325 3019 θαλερὸν

476 3020 597 3067 τήνδ’,
620 3020 667 3068 ἣν
690 3023 762 3071 πρὸ
781 3025 906 3073 χερῶν
929 3023 981 3059 ἔτι
1003 3021 1198 3068 βαστάζεις,
1639 3025 1729 3062 κατὰ
1755 3023 1871 3075 δάκρυ
1889 3028 1989 3073 χέων
2011 3027 2065 3071 (ν.
2089 3026 2134 3062 34
2157 3028 2242 3074 sq.).

477 3081 541 3115 καὶ
562 3081 675 3116 ταῦτα
700 3079 813 3118 πάλιν
836 3078 1037 3131 γράμματα
1061 3085 1218 3128 συγχεῖς,

418 3150 449 3195 ⁸)
885 3178 973 3186 ......
999 3146 1024 3184 ιῖ
1047 3150 1083 3183 δ’
1114 3150 1158 3184 οὐ
1181 3153 1299 3191 καλῶς
1702 3152 1754 3199 μὴ
1779 3155 1939 3190 στέλλειν
1961 3151 2028 3188 τὰν
2051 3152 2122 3189 σὰν
2146 3153 2219 3189 ἶνιν
2242 3152 2335 3200 πρὸς

475 3207 596 3253 ἔγνων
618 3204 709 3248 τότ’,
732 3203 841 3248 αὖθις
863 3205 1092 3255 μεταγράφω
1116 3209 1235 3248 καλῶς
1258 3207 1371 3247 πάλιν
1702 3209 1769 3245 τὰν
1791 3209 1965 3255 κολπώδη
1989 3209 2138 3258 πτέρυγ’
2166 3209 2339 3256 Εὐβοέας,

475 3267 526 3305 εἰς
547 3262 656 3309 τήνδε
680 3265 825 3309 δέλτον,
849 3262 896 3309 ἢν
918 3264 996 3300 κατ’
1024 3262 1208 3312 εὐφρόνης
1230 3266 1339 3303 σκιὰν
1707 3263 1826 3305 Αὖλιν
1849 3266 2045 3305 ἀκλύσταν.

479 3319 615 3359 λύοντα
638 3323 700 3359 καὶ
723 3320 933 3362 συνδοῦντά
956 3321 998 3371 μ’
1020 3322 1163 3369 ἔςεῖδες,
1188 3325 1301 3373 γέρον
1324 3327 1376 3371 (v.
1400 3326 1461 3363 107
1478 3328 1567 3373 sq.).
1706 3327 1757 3364 εἰς
1779 3325 1851 3373 γὰρ
1874 3324 1986 3365 ἄλλας
2008 3323 2104 3374 ὥρας
2127 3324 2200 3372 γὰρ
2225 3323 2272 3368 δὴ

1708 3381 1842 3423 παιδὸς
1863 3382 2044 3431 δαίσομεν
2066 3381 2265 3431 ὑμεναίους
2286 3384 2340 3427 (v.
2371 3381 2435 3418 119
2457 3382 2545 3428 sq.).
