3117 3854
259 409 370 448 mus,

1264 181 1725 240 :ta-*39¹2*

391 314 606 357 Nimirum
632 315 773 351 morte
802 321 892 349 non
922 306 1124 351 delentur
1152 306 1316 358 omnia,
1355 306 1402 347 in
1429 305 1613 349 nihilum
1639 320 1870 362 regressa,
1897 321 1983 350 nec
2011 305 2215 349 homines
2243 305 2404 349 mortui
2433 305 2513 348 toti
2539 305 2686 350 interi-

399 394 482 438 sed
507 392 747 435 liberamur
774 394 942 430 tantum
970 393 1115 429 terrae
1144 385 1273 429 malis
1302 392 1347 429 et
1376 385 1505 443 quasi
1522 385 1847 438 reviviscimus3
1878 385 1924 427 in
1951 393 2091 430 morte
2118 386 2326 430 miseriae
2354 386 2456 429 finis
2486 392 2569 438 est,
2597 399 2689 428 non

259 475 394 527 vitae3
423 486 515 515 non
544 470 626 513 sub
656 474 776 511 terra
802 468 849 509 in
878 479 985 509 orco
1014 466 1185 523 reliqua
1212 467 1357 522 agitur
1383 466 1476 506 vita
1503 472 1789 516 mortuorum,
1821 466 1903 507 sed
1931 465 1977 506 in
2007 465 2246 508 coelestem
2273 465 2421 508 locum
2450 464 2691 509 subvolant

259 553 410 606 animi3
445 563 589 608 neque
620 561 784 604 corpus
812 560 957 604 neque
985 546 1158 589 animus
1185 545 1318 602 plane
1349 545 1661 601 exstinguitur,
1691 558 1855 600 corpus
1884 545 1998 587 redit
2027 545 2085 586 ad
2114 552 2275 588 terram
2303 546 2438 603 fitque
2466 553 2692 589 terrenum

261 638 307 677 et
335 644 448 690 quae
478 627 606 673 coelo
637 626 833 670 demissa
862 626 1063 682 corporis
1098 624 1284 667 formam
1319 624 1592 667 animaverat
1620 637 1748 666 mens
1780 638 1870 666 non
1906 623 2149 679 dissipatur
2183 623 2257 666 vel
2294 624 2568 677 dissolvitur,
2607 625 2691 667 sed

261 711 391 756 terris

418 706 586 753 relictis
616 706 674 749 ad
705 705 899 749 divinum
927 718 1137 762 regressa
1165 703 1404 748 Aetherem
1432 704 1478 747 in
1507 704 1641 748 beata
1676 702 1792 746 coeli
1829 703 1973 759 spatia
2012 702 2141 760 quasi
2177 702 2221 744 in
2258 702 2523 747 domicilium
2562 717 2692 747 suum

263 792 523 846 domumque
553 784 754 831 sublimis
783 783 994 830 relabitur
1030 787 1075 838 ¹).
1132 782 1248 828 Hinc
1284 782 1379 838 illa,
1418 783 1578 843 quibus
1606 781 1923 828 Andromacha
1950 781 2180 827 Hecubam
2218 782 2473 827 consolatur
2501 783 2692 843 Polyxe-

261 885 346 915 nae
374 874 559 912 mortem
590 865 893 922 deplorantem
920 865 965 908 in
995 863 1244 908 Troadibus
1272 862 1425 907 fabula
1455 862 1530 917 (cf.
1559 877 1601 907 v.
1631 862 1709 907 631
1745 864 1848 920 sq.).

327 948 464 992 Andr.
496 941 674 998 ὄλωλεν,
704 940 764 996 ὡς
794 939 971 997 ὄλωλεν,
1000 939 1099 988 ἀλλ’
1124 939 1245 999 ὁμῶς
1270 941 1379 998 ἐμοῦ
1544 937 1745 996 ἷίκουσον,
1778 940 1839 995 ὥς
1868 956 1939 987 σοι
1968 940 2124 1000 τέρψιν
2153 941 2330 999 ἐμβαλῶ
2360 939 2500 1002 φρενί,

408 1065 412 1067 .
435 1021 574 1082 ζώσης
603 1020 642 1080 γ’
678 1018 841 1068 ὄλωλεν
871 1018 1158 1081 εὖτυχεστὲρῳ
1189 1017 1359 1080 πότμῳ·
1546 1022 1593 1066 τὸ
1622 1022 1683 1080 μὴ
1713 1020 1922 1081 γενέσθαι
1952 1023 2012 1081 τῷ
2042 1024 2194 1066 θανεῖν
2222 1019 2318 1067 ἴσον
2346 1022 2474 1081 λέγω.

328 1105 497 1149 Hecub.
519 1099 572 1146 οὗ
601 1099 769 1155 ταύτὸν,
811 1097 846 1144 ὦ
877 1105 981 1154 παῖ,
1021 1101 1069 1145 τὸ
1105 1099 1286 1156 βλέπειν
1320 1103 1383 1143 τῶ
1547 1103 1624 1144 τοῦ
1655 1102 1728 1157 ζῆν
1758 1100 1806 1146 δὲ
1830 1102 2011 1160 λυπρῶς
2029 1097 2228 1159 κρεῖσσόν
2257 1099 2350 1145 ἐστι
2377 1104 2624 1145 κατθανεῖν.

1163 1183 1411 1224 κατθανεῖν·
1548 1176 1671 1240 ἀλγεῖ
1698 1180 1778 1242 γὰρ
1808 1177 1935 1226 οὐδὲν
1963 1183 2049 1224 τῶν
2078 1183 2222 1224 κακῶν
2253 1176 2517 1239 ἧσθημένος.

426 1263 476 1308 τὸ
505 1262 585 1320 μὲν
615 1261 697 1323 γὰρ
728 1258 867 1316 οὐδὲν,
898 1258 1002 1321 τῷδ’
1037 1259 1191 1306 ἔνεισιν
1221 1259 1412 1313 ἐλπίδες.
1548 1259 1668 1320 κείνη
1698 1257 1739 1303 δ’
1773 1258 1951 1318 ὁμοίως,
1984 1260 2135 1322 ὥσπερ
2167 1257 2244 1304 οὐκ
2273 1258 2430 1303 ἰδοῦσα
2460 1263 2557 1320 φῶς

331 1344 468 1386 Andr.
500 1337 534 1385 (ἶ
555 1344 705 1401 μῆτερ,
739 1337 774 1385 ὦ
795 1344 993 1395 τεκοῦσα,
1024 1339 1254 1385 κάλλιστον
1283 1339 1412 1398 λόγον
1549 1340 1746 1399 τέθνηκε,
1776 1339 1928 1384 ›eois-dev
1958 1338 2052 1384 οἶδε
2081 1344 2167 1383 τῶν
2197 1339 2334 1397 αὑτῆς
2362 1344 2518 1383 κακῶν.

398 1421 572 1465 Etenim
600 1434 690 1463 non
718 1420 980 1463 lamentatur
999 1420 1314 1463 Andromacha
1333 1420 1592 1476 Polyxenae
1612 1427 1808 1471 mortem,
1839 1423 1957 1477 quod
1985 1422 2029 1462 in
2059 1422 2170 1464 flore
2199 1421 2360 1464 aetatis
2393 1421 2508 1464 diem
2536 1421 2695 1464 obierit

266 1514 538 1557 supremum,
577 1500 659 1543 sed
694 1499 806 1542 mori
834 1506 989 1543 censet
1017 1500 1134 1543 idem
1163 1513 1285 1552 esse,
1324 1499 1444 1556 quod
1473 1500 1518 1541 in
1547 1507 1709 1543 terram
1736 1513 1826 1542 non
1855 1502 2020 1542 intrare
2049 1507 2093 1543 et
2127 1507 2257 1556 partu
2285 1514 2375 1542 non
2405 1500 2476 1543 edi
2504 1500 2550 1541 in
2577 1499 2698 1542 hanc

266 1579 429 1624 lucem:
468 1578 551 1622 sed
587 1591 677 1620 non
713 1577 803 1621 hoc
832 1577 991 1634 opinor
1021 1578 1143 1631 dicit,
1179 1578 1344 1634 pariter
1380 1592 1481 1621 cum
1508 1578 1599 1621 vita
1636 1585 1826 1622 mentem
1854 1578 2078 1635 exstingui
2106 1591 2191 1622 nee
2219 1577 2357 1622 ullum
2384 1591 2563 1622 manere
2592 1591 2694 1622 sen-

267 1672 382 1710 sum,

266 1736 397 1792 potiri

411 1670 565 1700 verum
593 1657 781 1711 primam
809 1658 998 1712 adeptos
1032 1664 1233 1699 naturam
1260 1671 1345 1699 nos
1375 1657 1576 1713 ejusdem
1602 1656 1704 1709 loci,
1734 1671 1863 1713 quem
1892 1664 1995 1700 ante
2025 1664 2168 1699 ortum
2197 1656 2483 1709 coluerimus,
2522 1657 2696 1713 gaudiis

429 1740 479 1787 2).
537 1735 694 1791 Neque
723 1736 768 1778 in
797 1735 929 1779 aliam
958 1743 1129 1791 partem
1156 1735 1464 1791 accipiendum
1493 1743 1574 1788 est,
1604 1736 1721 1792 quod
1749 1734 1956 1789 affirmat,
1987 1734 2145 1779 melius
2176 1749 2276 1779 cum
2303 1736 2358 1784 iis
2387 1735 2472 1792 agi,
2503 1735 2576 1793 qui
2605 1748 2694 1779 non

267 1815 359 1857 nati
388 1815 493 1867 sint,
524 1829 655 1872 quam
685 1814 759 1872 qui
788 1814 878 1856 nati
908 1814 1012 1866 sint3
1043 1829 1132 1856 non
1161 1814 1284 1871 gigni
1311 1821 1562 1870 praestare,
1591 1829 1722 1870 quam
1750 1814 1890 1858 nasci.

402 1928 609 1963 Scholiasta
632 1927 678 1962 ad
703 1928 797 1962 hunc
827 1927 945 1962 locum
971 1927 1079 1962 affert
1102 1939 1122 1962 e
1146 1927 1301 1973 Polyide
1323 1926 1519 1974 Euripidis,
1545 1933 1695 1963 mortem
1719 1938 1826 1973 quam
1850 1938 2034 1964 vocamus,
2058 1938 2182 1961 veram
2206 1926 2363 1962 sortasse
2388 1938 2469 1962 esse
2493 1928 2621 1962 vitam:
2646 1931 2698 1966 τίς

402 1984 437 2019 ‹5‘
470 1984 570 2021 οἶδεν
592 1996 649 2030 sq.
674 2003 719 2010 —
744 1985 799 2020 cui
829 1984 1032 2019 sententiae
1062 1982 1301 2030 respondent,
1331 1995 1424 2030 quae
1449 1984 1484 2019 in
1508 1983 1649 2020 Helena
1671 1997 1707 2021 v.
1736 1983 1823 2020 1620
1847 1983 2027 2027 dicuntur,
2058 1989 2214 2019 mentem
2235 1983 2312 2019 vita
2335 1983 2601 2027 detunctorum,
2631 1985 2699 2019 etsi

400 2054 475 2078 non
499 2042 598 2078 vivat
622 2042 662 2087 (i.
689 2053 722 2078 e.
748 2042 822 2078 vita
845 2041 1001 2078 humana
1024 2052 1097 2077 non
1120 2040 1272 2086 fruatur)
1295 2051 1439 2076 sensum
1472 2047 1590 2076 tamen
1622 2041 1758 2077 habere
1783 2041 2038 2081 immortalem,
2068 2052 2148 2076 cum
2178 2041 2214 2076 in
2246 2040 2433 2077 aetherem
2462 2041 2698 2077 immortalem

402 2105 551 2147 recepta
580 2100 638 2133 sit.
693 2097 822 2134 Omnia
851 2099 943 2133 haec
972 2100 1220 2143 Anaxagorea
1250 2109 1331 2133 esse
1369 2099 1553 2139 videntur,
1587 2099 1866 2145 Euripidemque
1894 2097 2101 2143 vulgaribus
2134 2104 2322 2144 poetarum
2354 2100 2568 2134 commentis
2604 2099 2699 2133 haud

403 2161 609 2191 contentum
642 2155 772 2190 altiora
801 2162 987 2202 spectasse
1017 2155 1223 2190 ostendunt.
1271 2156 1454 2190 Hactenus
1485 2155 1797 2191 Bouterweckius.
1852 2155 1994 2190 videsis
2025 2154 2070 2190 de
2103 2154 2158 2190 his
2190 2155 2477 2200 quaestionibus,
2508 2167 2603 2201 quae
2631 2156 2698 2201 ipsi

402 2223 513 2258 supra
535 2211 794 2259 disputavimus
819 2212 864 2247 de
888 2211 1047 2247 Aethere
1070 2223 1106 2257 p.
1132 2211 1154 2246 8
1176 2223 1233 2257 sq.
1257 2230 1302 2237 -—

346 2269 377 2313 ¹)
399 2268 492 2303 Vide
523 2268 737 2303 Barnesium
755 2269 817 2328 'ad
848 2269 994 2304 lleracl.
1028 2280 1063 2303 v.
1088 2268 1176 2304 529:
1206 2270 1253 2303 At
1277 2270 1311 2303 in
1336 2269 1406 2304 hoc
1430 2269 1513 2304 loco
1537 2276 1658 2315 potest
1682 2270 1789 2304 etiam
1821 2269 1961 2305 divinus
1992 2275 2103 2315 poeta
2133 2269 2316 2315 respicere
2346 2268 2393 2304 ad
2415 2268 2570 2316 Corpus,
2602 2268 2700 2315 quod

350 3005 380 3049 ²)

403 2331 538 2360 tantum
564 2326 668 2360 morti
692 2325 907 2367 obnoxium,
931 2326 1060 2360 Anima
1083 2324 1198 2359 libera
1221 2330 1276 2359 cst
1300 2331 1336 2360 et
1358 2326 1394 2360 in
1417 2327 1549 2360 Aerem
1574 2332 1721 2372 recepta
1743 2331 1928 2361 aeternum
1953 2333 2085 2366 manet,
2109 2337 2194 2369 nou,
2219 2332 2257 2360 ut
2279 2326 2441 2361 nonnulli
2456 2327 2699 2371 Anaxagorae

403 2381 654 2429 Euripidisqne
678 2382 892 2417 sententiam
918 2381 1012 2416 male
1038 2381 1283 2428 explicantes,
1314 2381 1412 2427 quod
1435 2382 1471 2417 in
1495 2382 1655 2418 Aethera
1676 2382 1838 2418 solvatur
1866 2389 1902 2418 et
1924 2383 2044 2419 soluta
2067 2382 2279 2430 dissipetur,
2309 2381 2377 2418 sed
2400 2389 2438 2418 ut
2459 2383 2495 2418 iu
2517 2382 2700 2429 propriam

402 2438 529 2474 sedem
552 2444 712 2486 recepta.
746 2438 870 2474 Schol.
889 2439 935 2473 ad
951 2439 1059 2474 Arist.
1078 2438 1173 2474 Nub.
1193 2449 1228 2474 v,
1254 2439 1310 2475 95.
1327 2436 1352 2473 ἃ
1368 2439 1409 2474 δὲ
1435 2441 1517 2486 περὶ
1541 2441 1661 2486 ψυχῆς
1683 2437 1791 2487 ὥρισε
1808 2438 2034 2489 (Σωκράτης)
2050 2441 2174 2475 ταῦτα·
2192 2436 2293 2486 ψυχὴ
2318 2441 2420 2474 πᾶσα
2444 2436 2635 2478 ἀθάνατος.
2659 2436 2699 2473 τὰ

403 2553 464 2585 καὶ
488 2554 588 2597 ζωῆς.
612 2570 660 2578 -

495 2608 542 2644 cf.
567 2609 798 2644 Schneither.
823 2610 848 2644 Ι.
875 2622 906 2644 c.
932 2621 968 2655 p.
995 2609 1055 2644 46:
1087 2609 1217 2655 Neque
1246 2616 1381 2644 tantum
1412 2611 1448 2644 in
1474 2622 1519 2645 eo
1550 2611 1719 2654 substitit,
1750 2617 1787 2645 ut
1816 2612 1972 2645 animum
2004 2611 2242 2644 immortalem
2270 2610 2422 2651 diceret,
2453 2609 2519 2643 sed
2549 2609 2702 2655 amplius

403 2675 505 2699 suam
531 2666 705 2712 explicuit
728 2667 954 2713 opinionem,
985 2665 1150 2702 homines
1174 2666 1285 2702 multo
1310 2666 1511 2702 feliciorem
1542 2674 1685 2703 acturos
1709 2679 1791 2703 esse
1815 2668 1943 2709 vitam,
1976 2666 2121 2713 quando
2146 2667 2284 2703 animus
2309 2680 2332 2704 a
2356 2678 2507 2713 corpore
2529 2677 2701 2712 segrega·

405 2726 460 2757 tus
485 2721 568 2765 erit,
600 2734 707 2770 quam
739 2723 775 2759 in
800 2722 869 2759 hac
892 2728 1037 2760 terrena
1060 2723 1134 2759 vita
1157 2722 1331 2760 molestiis
1361 2723 1502 2771 repleta
1525 2723 1629 2759 nobis
1652 2730 1772 2772 potest
1804 2725 2028 2772 contingere.
2053 2745 2098 2751 —
2122 2724 2169 2762 cf.
2194 2735 2288 2772 quae
2312 2734 2420 2772 supra
2442 2722 2701 2771 disputavimus

404 2789 440 2825 p.
468 2779 509 2814 12
533 2790 590 2826 sq.
616 2787 652 2815 et
673 2792 711 2828 p.
739 2781 783 2816 29
805 2792 861 2828 sq.
888 2800 933 2807 —

495 2835 627 2872 Mirum
650 2837 687 2872 in
713 2837 856 2873 modum
881 2838 1142 2885 Aristophanes
1165 2839 1323 2874 comicus
1346 2840 1584 2886 spectantium
1601 2840 1741 2875 animos
1766 2840 1996 2883 exhilaravit,
2022 2851 2101 2875 cum
2126 2841 2162 2875 iu
2186 2840 2294 2875 risum
2317 2842 2474 2874 verteret
2495 2837 2703 2883 hujusmodi

405 2892 616 2936 sententias,
641 2893 739 2931 velut
764 2895 800 2931 in
823 2894 924 2931 Pace
948 2894 1073 2931 sabula
1097 2897 1149 2940 (v.
1167 2894 1235 2932 819
1258 2897 1346 2943 sq.),
1370 2895 1430 2932 ubi
1453 2897 1548 2933 inter
1571 2895 1774 2944 Trygaeum
1798 2896 1844 2933 de
1868 2897 1974 2933 coelo
1998 2908 2182 2933 reversum
2208 2902 2243 2931 et
2265 2896 2357 2931 inter
2378 2893 2592 2930 familiarem
2615 2894 2704 2943 lepi-

408 2948 573 2984 dissimus
597 2951 715 2996 agitur
736 2963 858 2987 sermo
883 2951 929 2986 de
954 2953 1081 2987 animis
1106 2958 1344 2992 mortuorum,
1369 2955 1430 3000 qui
1454 2954 1501 2988 ad
1525 2954 1675 2989 aethera
1698 2956 1836 2990 reversi
1860 2955 1970 2990 vitam
1995 2956 2215 2990 continuant.

404 3005 461 3040 Ad
488 3006 659 3043 tumulum
689 3008 839 3044 Achillis
869 3008 1111 3045 sacrificatam
1140 3009 1298 3056 puellam
1322 3009 1532 3057 Talthybius
1564 3011 1667 3047 efl'ert
1696 3012 1862 3048 omnibus
1892 3011 2081 3047 liberatam
2105 3021 2187 3045 esse
2211 3009 2329 3043 malis:
2362 3008 2438 3054 ἔχει
2470 3006 2612 3057 πότμος
2634 3023 2710 3053 νιν,

405 3058 488 3096 ὥστ’
516 3061 751 3110 ἀπηλλάχθαι
775 3067 899 3100 κακῶν
922 3065 1072 3110 (Troad.
1099 3078 1133 3101 v.
1159 3066 1271 3111 2700.
1302 3086 1346 3093 —
1377 3066 1447 3104 Qui
1471 3068 1578 3103 rebus
1603 3068 1765 3104 adversis
1797 3075 2006 3115 premuntur
2027 3076 2286 3112 saepenumero
2309 3065 2429 3111 parati
2454 3064 2709 3102 describuntur

410 3117 456 3154 ad
480 3125 633 3156 mortem
656 3121 899 3165 subeundam,
923 3122 999 3158 vita
1022 3135 1102 3159 cum
1119 3123 1196 3170 jam
1221 3136 1294 3160 non
1317 3124 1436 3161 vitalis
1458 3125 1515 3161 sit.

612 3177 720 3213 Herc.
743 3179 770 3214 f.
795 3190 831 3215 v.
859 3179 958 3214 1241.
1865 3182 1974 3228 Hipp.
1998 3193 2033 3216 v.
2062 3180 2160 3215 1047.

473 3232 528 3265 τοὶ
550 3231 624 3281 γὰρ
648 3232 983 3283 παρεσκευάσμεθ’,
1008 3233 1098 3271 ὥστε
1121 3239 1329 3273 κατθανεῖν.
1728 3238 1838 3285 ταχὺς
1860 3239 1932 3285 γὰρ
1955 3236 2044 3284 ᾅδης
2067 3237 2199 3285 ῥᾷστος
2221 3235 2331 3284 ἀνδρὶ
2355 3235 2539 3283 δυστυχεῖ.

813 3303 850 3328 v.
879 3291 977 3327 1256.
1863 3295 1941 3332 Alc.
1965 3307 2002 3331 v.
2026 3294 2105 3330 2&

814 3375 900 3387 ......
917 3347 1111 3389 ἀναπτύξω
1135 3349 1181 3384 δέ
1201 3359 1258 3384 σοι
2216 3353 2290 3385 παῖ
2310 3351 2485 3401 Φέρητος,

474 3400 631 3446 ἀβίωτον
653 3401 744 3451 ἡμῖν
766 3407 836 3443 νῦν
857 3419 894 3442 τε
917 3407 978 3441 καὶ
1004 3403 1185 3454 πάροιθεν
1208 3404 1264 3443 ὅν.
1731 3402 1779 3442 οἷ’
1808 3408 1963 3456 ἔπραξας
1985 3404 2172 3455 δάμαρτος
2194 3408 2262 3451 σῆς
2284 3411 2482 3455 στερηθείς.

2377 3463 2441 3501 10·
