3117 3854
1374 138 1489 184 ιι-ιι
1537 124 1585 178 ’4
1652 135 1767 183 τα

265 247 269 253 ’
343 250 608 298 Palmtrae
627 243 726 309 jam
741 262 916 296 vacuae
952 250 1151 305 athletis,
1189 250 1425 309 gymnasia
1461 249 1745 309 philosophis
1779 249 1947 295 referta
1980 257 2026 294 et
2064 251 2294 309 sophistis.
2351 253 2442 304 Qui
2466 254 2516 296 in
2541 252 2797 307 ἕοιοιώί-
2852 271 2856 274 ·

345 319 553 376 taverant
580 329 727 382 cives,
756 341 840 374 eos
866 341 988 374 nunc
1006 330 1197 389 ¹juvabat
1224 329 1389 372 balnea
1414 327 1700 388 frequentare
1732 334 1778 383 ¹).
1837 329 1971 379 Quod
1997 330 2040 372 si
2066 337 2241 387 tempus
2268 330 2408 375 ullum
2433 331 2536 387 fuit,
2563 348 2652 392 quo
2677 333 2799 380 haee
2816 384 2825 390 ‚.

347 405 507 456 (nitriis⁴
523 404 887 454 manifestissime
914 408 1296 467 perspicerentur,
1334 407 1517 452 eminuit
1543 408 1748 466 profecto
1774 414 1901 453 aetas
1929 408 2039 452 belli
2065 409 2463 468 Peloponnesiaci,
2491 424 2593 456 cum
2619 414 2797 458 Pericle

345 493 520 536 mortuo
550 500 725 533 summa
751 502 901 533 rerum
927 501 1068 544 penes
1096 501 1178 532 eos
1207 494 1344 541 esset,
1374 488 1450 547 qui
1478 488 1525 532 in
1553 489 1657 532 sinu
1684 495 1729 532 et
1756 487 1900 532 oculis
1926 486 2185 532 ferebantur
2211 489 2271 534 ab
2299 489 2451 534 infima
2476 490 2625 547 plebe.
2682 493 2795 538 Tum

344 565 525 612 infenso
563 567 712 611 animo
751 582 908 611 omnes
944 566 1115 619 vexati,
1154 566 1230 624 qui
1263 566 1339 611 vel
1373 567 1512 612 nobili
1540 581 1706 624 genere
1739 567 1814 612 vel
1852 566 2015 612 divitiis
2041 567 2397 623 praecellebant3
2437 575 2530 613 tum
2557 569 2794 626 optimates

348 661 506 692 omnes
543 661 636 690 non
672 648 804 691 modo
834 646 1051 691 conviciis
1080 647 1306 705 exagitati,
1337 648 1419 691 sed
1455 647 1591 691 exilio
1630 654 1675 691 et
1711 645 1818 705 fuga
1855 661 1884 691 a
1920 645 2151 703 republica
2177 648 2355 701 remoti3
2384 654 2477 693 tum
2503 648 2793 696 multitudinis

348 727 562 784 suffragia
597 740 689 770 non
728 726 999 780 extulerunt,
1036 727 1125 771 nisi
1153 728 1228 785 qui
1256 728 1314 770 ad
1343 728 1441 784 ejus
1469 726 1742 771 voluntatem
1775 734 1820 770 et
1852 725 2078 770 licentiam
2112 741 2164 771 se
2194 734 2523 784 componerent.
2579 727 2794 775 Homines

345 819 457 849 vero
494 804 736 863 populares
764 804 1041 862 reipublicae
1075 806 1449 850 administrandae
1478 819 1665 861 prorsus
1693 806 1858 863 ignari,
1895 819 1982 863 quo
2012 812 2138 849 erant
2170 806 2306 849 animi
2332 807 2499 864 impetu
2526 807 2792 863 turbulento,

348 892 518 929 temere
556 885 705 928 omnia
741 892 786 928 et
820 884 973 929 furore
1009 886 1201 942 quodam
1237 883 1531 938 sustulerunt,
1561 898 1675 942 quae
1713 885 1939 943 antiquum
1976 892 2150 942 tempus
2185 885 2451 933 redolerent.
2507 885 2608 932 Hoc
2644 901 2794 933 rerum

349 972 491 1014 statu,
528 979 616 1020 quo
644 964 878 1018 republica
905 978 1069 1020 magna
1097 979 1153 1006 ex
1181 971 1306 1018 parte
1337 963 1584 1006 deformata
1610 964 1948 1007 Atheniensium
1976 964 2109 1008 etiam
2137 964 2284 1008 studia
2316 973 2575 1022 mentesque
2603 981 2793 1021 prorsus

349 1043 651 1093 mutabantur,
679 1043 880 1099 tragicus
908 1050 1043 1098 poeta
1078 1042 1188 1085 vixit
1222 1042 1276 1092 is,
1307 1057 1439 1098 quem
1475 1042 1642 1085 scimus
1670 1042 1830 1086 aetatis
1866 1056 1976 1086 suae
2015 1043 2174 1086 studiis
2203 1050 2248 1086 et
2279 1043 2524 1088 rationibus
2553 1044 2792 1090 adductum

349 1122 482 1165 etiam
509 1122 555 1164 in
584 1121 830 1178 tragoediis
859 1120 1176 1176 componendis
1204 1119 1344 1163 multa
1370 1127 1607 1164 novantem
1634 1135 1663 1164 a
1690 1120 1879 1176 pristina
1905 1120 2078 1165 ratione
2105 1120 2240 1178 longe
2270 1122 2553 1167 discessisse.

462 1201 770 1256 Euripides
806 1214 917 1244 sane
951 1207 1017 1243 tot
1051 1200 1188 1243 rebus
1228 1200 1372 1243 differt
1410 1202 1468 1243 ab
1495 1199 1713 1257 Aeschyli
1750 1200 1929 1257 ingenio
1960 1207 2005 1243 et
2033 1199 2312 1256 Sophocleo,
2360 1208 2408 1245 ut
2436 1201 2663 1258 propriam
2691 1202 2789 1260 ejus

346 1280 545 1325 indolem
572 1295 630 1324 ac
657 1288 860 1324 naturam
896 1294 987 1323 non
1024 1279 1254 1336 indignam
1292 1279 1554 1333 existimem,
1593 1294 1707 1338 quae
1746 1279 1903 1336 paucis
1928 1279 2224 1324 adumbretur.
2280 1279 2352 1325 Ac
2387 1280 2575 1337 primum
2613 1280 2792 1339 quidem

347 1375 439 1404 non
469 1374 634 1419 gravor
662 1368 900 1413 annotare,
930 1361 1051 1417 quod
1081 1373 1219 1415 saepe
1247 1359 1576 1415 pronuntiatum
1605 1367 1675 1404 est
1702 1367 1807 1416 post
1832 1358 2136 1417 Lessingium,
2164 1357 2280 1403 forte
2309 1357 2487 1404 fortuna
2513 1359 2661 1405 lucem
2687 1375 2788 1417 per-

348 1441 558 1497 spexisse
585 1447 766 1496 poetam
793 1453 913 1483 anno
942 1439 1064 1496 apud
1093 1438 1295 1482 Graecos
1325 1438 1627 1491 celeberrimo,
1659 1439 1730 1482 die
1759 1439 1847 1482 ista
1874 1438 2109 1494 praeclara
2136 1452 2193 1482 ac
2219 1439 2479 1493 laetissima,
2508 1454 2598 1498 qua
2620 1440 2790 1485 Persae

348 1519 471 1575 apud
500 1518 730 1562 Salamina
755 1518 930 1574 proelio
961 1518 1123 1561 devicti
1151 1518 1197 1559 in
1226 1517 1377 1574 fugam
1405 1517 1779 1560 convertebantur
1797 1520 1851 1570 2);
1883 1518 2042 1561 eodem
2071 1518 2156 1569 die,
2186 1532 2274 1574 quo
2303 1518 2426 1562 velut
2455 1518 2528 1562 dei
2557 1519 2790 1576 cujusdam

346 1596 571 1642 beneficio
609 1597 812 1654 contigit,
850 1604 899 1641 ut
926 1596 1136 1653 princeps
1172 1596 1444 1653 tragicorum
1471 1595 1726 1654 Aeschylus
1755 1596 1892 1639 armis
1934 1596 2115 1640 indutus
2144 1596 2258 1639 inter
2285 1597 2481 1640 victores
2508 1598 2788 1655 procederet,

349 1676 606 1733 Sophocles
633 1684 785 1721 autem
813 1683 962 1720 erecto
991 1682 1177 1733 tropaeo
1207 1676 1352 1720 nudus
1383 1683 1428 1720 et
1456 1676 1692 1734 unguentis
1724 1675 1946 1720 delibutus
1981 1676 2040 1720 ad
2069 1675 2337 1721 chordarum
2374 1690 2532 1721 sonum
2569 1690 2788 1734 paeanem

348 1762 533 1800 caneret
575 1763 620 1800 et
662 1754 867 1811 epinicia.
939 1754 1010 1799 Ab
1048 1754 1172 1799 initio
1210 1761 1358 1799 autem
1395 1754 1527 1800 enixe
1565 1753 1802 1812 Euripides
1849 1754 1991 1799 turbis
2030 1767 2183 1799 eorum
2226 1768 2278 1800 se
2316 1755 2522 1809 inseruit,
2571 1756 2646 1814 qui
2683 1755 2786 1802 oleo

347 1834 517 1879 inuncti
546 1843 591 1879 et
617 1849 757 1879 arena
785 1834 1022 1891 conspersi
1049 1833 1305 1891 palaestrae
1334 1834 1657 1879 exercebantur
1686 1833 1868 1879 artibus.
1931 1832 2085 1878 Tradit
2113 1833 2232 1879 enim
2257 1833 2403 1879 Aulus
2433 1833 2606 1879 Gellius
2636 1834 2785 1891 (Noct.

347 1914 437 1958 Att.
457 1914 558 1957 XV.
586 1914 677 1967 20),
708 1915 946 1958 deductum
964 1928 1068 1957 esse
1088 1928 1116 1957 a
1142 1922 1269 1970 patre
1290 1917 1325 1966 ³)
1357 1914 1595 1958 admodum
1614 1915 1828 1972 juvenem
1848 1913 2101 1971 Olympiam
2127 1914 2242 1958 inter
2270 1913 2463 1958 athletas
2491 1928 2672 1973 pueros,
2703 1915 2787 1960 sed

345 2008 438 2037 non
466 2000 696 2051 receptum
732 1994 778 2036 in
808 2000 1035 2038 certamen
1063 2008 1145 2050 per
1179 1994 1431 2050 ambiguam
1469 2002 1678 2046 aetatem3
1722 2000 1826 2050 post
1854 1992 2082 2037 Eleusinio
2121 1999 2167 2037 et
2193 1991 2370 2036 Theseo
2411 1992 2652 2037 certamine
2681 2007 2786 2038 esse

347 2081 608 2118 coronatum
649 2073 864 2118 victorem
881 2077 933 2126 ¹).
993 2073 1087 2117 Sed
1115 2088 1219 2117 mox
1253 2087 1282 2117 a
1310 2073 1514 2131 corporis
1558 2087 1668 2117 cura
1709 2075 1767 2117 ad
1796 2073 2032 2118 excolendi
2075 2073 2209 2116 animi
2253 2073 2446 2116 studium
2474 2080 2785 2131 transgressus

346 2154 485 2212 longe
513 2154 604 2198 alia
630 2155 802 2198 ratione
830 2155 965 2198 vitam
1002 2154 1280 2211 transigebat
1303 2158 1339 2207 ³)
1397 2154 1558 2198 Juveni
1587 2153 1703 2198 enim
1733 2161 1777 2197 et
1813 2153 1909 2197 viro
1944 2154 2007 2197 ita
2045 2152 2270 2210 displicuit
2302 2152 2395 2198 vita
2430 2152 2611 2210 publiea
2645 2153 2785 2199 homi·

344 2247 539 2291 numque
567 2233 849 2290 popularium
877 2234 1035 2287 studia,
1064 2241 1112 2277 ut
1141 2234 1285 2277 minus
1315 2234 1360 2276 in
1388 2233 1490 2277 luce
1521 2234 1618 2277 dies
1649 2235 1831 2290 degeret
1850 2240 1894 2277 et
1921 2234 1965 2275 in
1996 2232 2140 2276 oculis
2170 2233 2343 2286 civium,
2373 2232 2504 2276 immo
2524 2232 2786 2278 inaccessus

414 2406 445 2450 ¹)
475 2406 586 2440 Arist.
611 2403 707 2440 Nub.
737 2404 835 2440 1054.
863 2432 947 2441 ......
957 2403 1050 2440 ταῦτ’
1083 2403 1160 2439 ἐστι
1187 2401 1279 2438 ταῦτ’
1309 2402 1446 2447 ἐκεῖνα,
1468 2398 1510 2440 Ἦ
1538 2403 1611 2439 τῶν
1642 2405 1843 2440 νεανίσκων
1866 2402 1924 2439 ἀεὶ
1951 2401 1997 2438 δι’
2030 2400 2166 2452 ἡμέρας
2193 2400 2404 2441 λαλούντων
2425 2404 2569 2453 Πλῆρες
2599 2402 2639 2439 τὸ
2667 2405 2785 2449 βαλα-

478 2463 581 2499 νεῖον
603 2464 719 2505 noaz,
744 2459 851 2501 κενὰς
874 2459 917 2496 δὲ
938 2458 1001 2500 τὰς
1025 2461 1259 2507 παλαίστρας.
1304 2457 1427 2507 Ejusd.
1455 2457 1548 2496 Rau.
1576 2457 1673 2498 1070,
1696 2456 1718 2503 ἡ
1737 2457 1949 2500 ’ξεκένωσεν
1971 2455 2034 2500 τάς
2057 2469 2094 2496 τε
2116 2460 2350 2509 παλαίστρας.

415 2542 446 2586 ²)
478 2539 610 2577 Thom.
634 2538 733 2587 Mag.
758 2545 797 2577 et
818 2538 921 2577 Man.
945 2537 1137 2586 Moschop.
1162 2536 1235 2574 Vit.
1258 2536 1451 2585 Euripidis.

414 2619 446 2665 ³)
469 2619 651 2655 Parentes
683 2620 807 2666 tragici
839 2630 914 2655 non
947 2618 1098 2665 ignobili
1127 2617 1239 2653 fuisse
1263 2617 1364 2659 loco,
1395 2618 1474 2654 veri
1496 2618 1615 2654 simile
1639 2617 1800 2664 quidem,
1829 2617 1896 2654 sed
1920 2618 2036 2654 minus
2060 2622 2195 2654 certum
2220 2622 2287 2655 est.
2313 2617 2360 2655 ci.
2385 2617 2505 2655 Piers.
2532 2618 2580 2654 ad
2601 2617 2721 2655 Moer.
2743 2627 2783 2666 p.

478 2676 514 2712 ¹2.
538 2694 586 2702 —-·
608 2673 762 2712 Bar-nes.
788 2674 827 2712 in
851 2675 1130 2718 commentario,
1155 2685 1263 2721 quem
1287 2675 1431 2723 scripsit
1454 2675 1500 2710 de
1522 2674 1700 2723 Euripidis
1725 2675 1819 2718 vita,
1841 2684 1880 2722 p.
1905 2673 1940 2709 2.

412 2754 445 2799 ⁴)
468 2752 597 2790 Thom.
626 2752 727 2800 Mag.
752 2753 799 2797 1.;
835 2765 868 2790 c.
902 2753 1050 2800 πρότον
1078 2752 1151 2801 μὲν
1182 2749 1317 2798 ἤσκησε
1348 2751 1575 2803 παγκράτιον
1605 2754 1668 2790 καὶ
1700 2752 1868 2802 πυγμὴν,
1903 2754 1970 2788 τοῦ
2007 2752 2143 2802 πατρὸς
2173 2752 2271 2799 αὐτῷ
2299 2751 2471 2803 χρησμὸν
2500 2751 2691 2798 λαβόντος,
2729 2750 2785 2789 ὅτι

478 2808 784 2860 στεφανοφόρους
805 2809 953 2858 ἀγῶνας
976 2809 996 2846 ὁ
1019 2814 1106 2850 παῖς
1128 2810 1225 2858 αὐτῷ
1250 2808 1399 2856 νικήσει.

415 2891 447 2937 ⁸)
477 2890 536 2928 De
560 2891 707 2928 athletis
731 2891 819 2939 quid
840 2892 997 2928 senserit
1019 2891 1220 2939 Euripides,
1244 2893 1333 2927 satis
1357 2891 1563 2928 declaratur
1586 2892 1754 2939 Autolyci
1778 2890 1982 2937 fragmento
2004 2892 2132 2937 primo.

547 2947 776 2998 ἐμεμψάμην
799 2949 842 2984 δὲ
865 2950 928 2984 καὶ
949 2948 1015 2985 τὸν
1030 2946 1216 2985 ‘Eurum
1238 2946 1368 2996 νόμον,
1700 2950 1871 2987 θένοντες
1892 2946 2087 2991 ἐκβαλοῦσι
2110 2950 2309 2997 πολεμίους
2332 2946 2490 2997 mitens-,-

547 3007 587 3041 οἳ
606 3005 716 3042 τῶνδ’
744 3005 843 3042 ἕκατι
866 3003 1052 3052 σύλλογον
1073 3002 1294 3055 ποιούμενοι
1700 3003 1822 3045 οὐδεὶς
1845 3000 1999 3054 σιδήρου
2020 3006 2132 3041 ταῦτα
2154 3008 2332 3054 μωραίνει
2355 3006 2467 3045 πέλας

544 3061 672 3112 inpuid
700 3061 866 3113 ἇχρείους
886 3060 1025 3109 ἡδονὰς
1047 3061 1170 3104 δαιτὸς
1188 3061 1313 3114 χάριν.
1701 3058 1798 3102 στάς.
1822 3057 1960 3110 ἄνδρας
1983 3055 2050 3099 οὖν
2072 3061 2183 3112 ἐχρῆν
2205 3058 2348 3110 σοφούς
2369 3073 2407 3098 τε
2429 3058 2619 3109 κάγαθοὺς

542 3123 598 3161 τίς
619 3117 694 3169 γὰρ
717 3121 899 3161 παλαίσας
920 3115 980 3164 εὖ,
1001 3122 1055 3161 τίς
1077 3118 1243 3162 ὠκύπους
1266 3120 1370 3169 ἀνὴρ,
1698 3116 1853 3167 φύλλοις
1875 3120 2094 3165 στέφεσθαι,
2113 3116 2247 3165 χῶστις
2267 3116 2408 3165 ἡγεῖται
2431 3116 2537 3155 πόλει

542 3175 567 3220 ἢ
590 3177 724 3212 δίσκον
745 3175 851 3224 ἄρας,
873 3175 898 3220 ἢ
919 3175 1068 3223 γνάθον
1089 3183 1224 3217 παίσας
1245 3180 1374 3221 καλῶς,
1698 3174 1890 3217 κάλλιστοι,
1914 3172 2075 3223 σώφρων
2096 3177 2158 3211 καὶ
2181 3176 2321 3216 δίκαιος
2343 3172 2398 3213 ὧν
2419 3172 2524 3224 ἀνήρ,

544 3229 651 3268 πόλει
681 3230 833 3281 παπρᾴᾳ
855 3235 1044 3281 στέφανον
1067 3229 1217 3282 ἤρκεσεν
1240 3230 1382 3278 λαβῶν;
1700 3228 1797 3272 ὅστις
1818 3243 1862 3277 γε
1883 3226 2018 3278 μύθοις
2041 3229 2114 3280 ἔργ’
2141 3228 2371 3269 ἀπαλλάσσει
2390 3229 2496 3275 κακὰ,

544 3287 682 3340 πότεροι
702 3292 909 3341 μαχοῦνται
931 3292 1167 3340 πολεμίοισιν
1188 3290 1229 3328 ἐν
1245 3294 1375 3338 χεροῖν
1697 3285 1820 3338 μάχας
1840 3286 1866 3324 τ’
1873 3285 2045 3338 ἀφαιρῶν
2066 3288 2128 3324 καὶ
2151 3284 2306 3329 στάσεις·
2327 3287 2477 3324 τοιαῦτα
2498 3285 2573 3337 γὰρ

545 3347 696 3388 δίσκους
718 3349 877 3395 ἔχοντες,
899 3345 922 3393 ἢ
945 3348 991 3384 δι’
1018 3348 1191 3385 ἀσπίδων
1214 3351 1304 3384 ποσὶ
1699 3343 1806 3383 πόλει
1827 3357 1864 3382 τε
1889 3342 1989 3395 πάσῃ
2012 3346 2106 3382 πᾶσι
2130 3345 2162 3382 θ’
2183 3343 2356 3391 Ἓλλησιν
2377 3342 2484 3382 καλοί.
