3117 3854
1301 114 1712 172 *atowe*

433 245 733 299 Anaxagoras
762 241 879 284 enim
912 240 1107 285 aetheris
1144 246 1191 283 et
1217 245 1365 282 terrae
1392 238 1621 282 materiam
1655 239 1720 281 ita
1746 244 1915 281 tantum
1948 238 2064 282 inter
2092 252 2144 282 se
2183 237 2360 283 differre
2390 240 2494 283 dum
2530 230 2734 288 suasisse

299 325 588 375 existimatur,
618 321 753 375 sicca,
784 320 1037 378 splendida,
1067 318 1215 362 calida
1242 325 1291 361 ut
1319 317 1649 362 conformarent
1675 317 1873 370 aethera,
1901 323 2066 361 terram
2092 318 2285 372 humida,
2314 320 2521 373 obscura,
2549 318 2732 378 frigida:

297 403 536 459 Euripides
562 386 765 448 naturam
793 400 989 443 aetheris
1009 405 1053 442 et
1081 405 1228 441 terrae
1255 397 1389 454 plane
1420 398 1643 440 diversam
1672 410 1776 440 esse
1804 396 1945 441 voluit
1972 404 2017 440 et
2045 403 2209 440 terram
2227 398 2433 452 obscura,
2460 398 2627 457 frigida
2653 399 2733 443 hn-

297 482 505 538 midaque
534 481 832 524 continentem
855 493 937 534 per
965 492 1016 521 se
1044 492 1147 521 esse
1170 477 1410 521 inanimem
1435 477 1617 532 vitaque
1635 482 1872 528 carentem,
1901 476 2087 520 aethera
2111 475 2269 528 solum,
2299 478 2463 534 quippe
2487 479 2562 535 qui
2586 486 2736 523 terrae

296 562 500 618 partibus
527 561 664 603 vitam
690 559 872 609 inserat,
901 556 1139 600 animatum
1168 563 1213 598 et
1241 556 1448 610 divinum,
1478 555 1773 611 compositum
1801 570 1827 598 e
1851 555 2027 609 lucidis,
2057 555 2320 612 splendidis,
2350 555 2523 600 calidis.
2568 558 2619 600 In
2645 559 2736 602 hac

299 641 520 686 sententia
536 638 793 694 Euripidem
819 635 961 680 fuisse
979 643 1072 679 tum
1099 636 1202 679 aliis
1220 635 1369 679 multis
1398 650 1456 679 ex
1483 637 1621 679 rebus
1641 634 1842 688 efficitur,
1870 642 1961 679 tum
1988 636 2270 692 apertissime
2294 637 2486 680 arbitror
2515 637 2736 681 declarari

296 721 397 765 istis
425 719 653 770 versibus,
698 716 859 774 quibus
896 716 1079 759 aethera
1107 715 1440 758 immoderatum
1468 722 1513 758 et
1547 714 1737 759 sublime
1766 713 1936 767 fusum,
1981 716 2056 772 qui
2083 722 2236 760 tenero
2264 715 2490 774 avidoque
2525 717 2735 774 amplexu

297 806 462 844 terram
490 797 806 842 circumdatam
833 802 995 848 teneat,
1023 795 1181 838 Jovem
1210 796 1341 838 deum
1371 806 1475 837 esse
1504 795 1621 837 dicit.

968 871 1108 935 (Ορᾷς
1135 874 1210 920 τὸν
1238 871 1365 932 ὑψοῦ
1390 869 1507 918 τόνδ’
1541 868 1726 933 ἔπειρον
1755 870 1923 933 αἰθέρα

975 953 1050 998 καὶ
1077 956 1157 1012 γῆν
1185 952 1319 1013 πέριξ
1343 948 1490 1008 ἔχονθ’
1521 948 1674 1012 ὑγραῖς
1702 952 1746 998 ἐν
1775 949 2010 1011 ἇγκάλαις,·

974 1036 1129 1076 τοῦτον
1157 1029 1307 1088 νόμιζε
1336 1034 1477 1089 Ζῆνα,
1506 1028 1623 1076 τόνδ’
1657 1028 1766 1088 ἡγοῦ
1794 1029 1920 1076 θεόν.
1960 1032 2137 1086 (Incert.
2169 1038 2279 1088 trag.
2308 1031 2361 1075 fr.
2389 1034 2421 1074 Ι.
2451 1047 2522 1090 ap.
2551 1033 2733 1086 Matth.)

432 1115 490 1157 Et
518 1128 573 1156 eo
603 1114 780 1170 quidem
810 1113 1102 1155 confidentius
1130 1112 1237 1154 licet
1263 1111 1404 1167 loqui,
1434 1113 1554 1167 quod
1581 1118 1815 1166 praeterea
1841 1111 2033 1166 plurima
2062 1111 2352 1163 obvenerunt,
2382 1126 2496 1167 quae
2524 1112 2659 1155 aliam
2685 1114 2734 1155 in

297 1199 471 1250 partem
499 1192 644 1248 accipi
671 1205 762 1233 non
796 1198 1007 1247 possunt,
1044 1190 1166 1233 velut
1194 1203 1270 1242 ea,
1300 1189 1461 1246 quibus
1487 1189 1690 1245 anpiter
1718 1191 1799 1246 γῆς
1835 1184 1978 1247 ’ὄχημα
2015 1185 2128 1233 κάπὶ
2161 1191 2244 1247 γῆς
2277 1186 2386 1243 ἔχων
2414 1184 2553 1250 ’ἕδραν
2581 1190 2735 1234 verbis

299 1271 584 1323 describitur,
632 1271 795 1328 quippe
834 1283 933 1313 cum
969 1277 1089 1312 terra
1124 1269 1319 1325 undique
1356 1268 1538 1310 aethere
1577 1266 1845 1310 circumfusa
1888 1269 2014 1324 quasi
2059 1269 2106 1310 in
2158 1269 2258 1325 eJus
2302 1269 2472 1325 gremio
2512 1271 2733 1314 sustinea-

297 1359 370 1394 tur
408 1355 456 1403 ¹).
484 1351 636 1409 Itaque
665 1350 862 1392 Aethera
901 1349 1045 1392 solum
1083 1363 1183 1391 cum
1213 1349 1343 1391 deum
1370 1348 1547 1390 unicum
1581 1347 1768 1390 haberet
1795 1347 2047 1403 Euripides,
2075 1348 2256 1390 minime
2283 1348 2532 1392 audiendus
2561 1350 2736 1394 videtur

298 1430 649 1483 Valckenarius,
694 1429 768 1487 qui
806 1429 1031 1472 Poetam
1070 1428 1247 1486 quidem
1286 1427 1528 1470 carminum
1565 1426 1873 1470 consulentem
1919 1427 2125 1470 suavitati
2172 1428 2258 1470 sibi
2295 1429 2521 1484 persuasit
2559 1430 2736 1474 coelum

298 1518 344 1555 et
380 1518 544 1554 terram
580 1509 793 1553 habuisse
830 1522 913 1564 pro
954 1509 1126 1550 duobus
1156 1508 1406 1559 elementis,
1441 1521 1467 1550 e
1497 1519 1683 1563 quorum
1711 1507 1920 1564 conjugio
1957 1507 2107 1549 omnia
2143 1508 2448 1564 gignerentur3
2488 1510 2734 1554 secundum

298 1588 689 1644 Philosophum
716 1594 864 1630 autem
891 1586 1042 1629 Mente
1068 1587 1258 1643 quadam
1281 1600 1394 1642 pura
1422 1592 1466 1629 et
1492 1585 1661 1629 infinita
1690 1586 1864 1629 coelum
1893 1600 1950 1628 ac
1978 1593 2143 1629 terram
2173 1593 2324 1629 creata
2351 1601 2468 1630 esse.
2523 1587 2731 1641 Deorum,

296 1668 439 1725 inquit
465 1667 555 1719 ille,
585 1666 742 1723 quales
770 1679 799 1708 a
820 1665 1008 1708 Graecis
1038 1664 1301 1718 colerentur,
1332 1671 1618 1720 contemptor,
1647 1664 1883 1720 Euripides
1911 1664 2090 1706 unicum
2117 1664 2361 1720 agnovisse
2389 1665 2534 1708 Deum
2561 1667 2735 1711 videtur

433 1774 554 1804 mente
576 1767 789 1815 praeditum,
814 1778 885 1813 quo
909 1767 1032 1801 omnia
1053 1772 1236 1812 regantur.
1286 1765 1333 1801 cs.
1358 1765 1433 1801 Cic.
1461 1764 1507 1800 de
1522 1763 1608 1800 Nat.
1632 1764 1745 1801 Deor.
1771 1764 1799 1800 1.
1824 1766 1858 1808 S.
1884 1765 1940 1801 37.
1967 1765 2162 1802 Cleanthes
2187 1772 2323 1810 autem,
2348 1767 2407 1814 qui
2424 1767 2613 1804 Zenonem
2637 1769 2734 1805 andi·

433 1826 503 1866 vit,
532 1830 605 1859 tmn
628 1824 743 1870 ipsum
767 1823 956 1864 mundum,
987 1828 1060 1856 tum
1092 1822 1251 1857 ultimum
1276 1827 1313 1857 et
1335 1822 1544 1857 altissimum
1569 1828 1677 1867 atque
1700 1821 1859 1868 undique
1883 1822 2135 1858 circumfusum
2159 1829 2270 1869 atque
2293 1825 2527 1871 complexum
2551 1825 2733 1870 ardorem,

434 1881 495 1927 qui
519 1881 646 1916 aether
668 1882 892 1922 nominetur,
918 1879 1154 1915 certissimum
1186 1879 1292 1914 deum
1317 1879 1469 1926 judicat.
1492 1899 1538 1906 —
1562 1879 1638 1914 Cic.
1663 1879 1777 1914 Acad.
1802 1889 1857 1926 pr.
1883 1878 1926 1914 11.
1951 1878 2009 1914 41.
2033 1899 2079 1905 ——
2103 1879 2149 1915 cf.
2172 1879 2294 1916 Natal.
2321 1880 2424 1916 Com.
2447 1881 2603 1929 Mythol.
2628 1881 2671 1919 II.
2699 1884 2733 1919 1.

433 1937 528 1974 Nam
550 1936 680 1973 Jovem
706 1937 765 1971 alii
790 1948 840 1971 ex
862 1937 980 1982 poetis
1005 1936 1163 1971 arbitrati
1187 1942 1270 1971 sunt
1293 1947 1375 1971 esse
1400 1939 1499 1979 aera,
1523 1941 1562 1971 ut
1586 1935 1674 1970 illud
1697 1940 1754 1971 est
1767 1935 1908 1971 Horatii
1931 1936 1967 1970 in
1995 1936 2111 1982 primo
2135 1936 2304 1972 odarum:
2329 1937 2459 1980 „Jacet
2480 1938 2548 1973 sub
2562 1939 2658 1975 Jove
2674 1939 2735 1974 sri-

432 1994 558 2041 gido.“
588 1994 633 2029 Et
656 1994 758 2029 alibi:
783 1994 895 2040 „quid
918 1994 1010 2029 latus
1027 1993 1148 2029 mundi
1163 1993 1309 2036 nebula,
1334 1993 1522 2039 malusque
1536 1993 1701 2040 ,Iuppiter
1721 1996 1866 2039 urget.“
1896 1993 1959 2028 Sic
1982 1994 2087 2028 etiarn
2112 1993 2323 2029 Theocritus
2340 1994 2470 2040 ecloga
2485 2002 2632 2042 quarta:
2657 1994 2734 2042 ..χώ

433 2050 525 2090 Ζεὺς
539 2047 676 2085 &Mona
698 2050 770 2096 μὲν
786 2052 887 2085 πέλει
909 2053 1064 2097 αἴθριος,
1087 2046 1225 2084 {Moza
1248 2049 1284 2084 δ’
1306 2047 1400 2085 {isal-⁶
1415 2069 1462 2076 —
1476 2049 1594 2085 Paulo
1609 2054 1693 2096 post
1716 2048 1912 2085 adduntur:
1932 2048 2013 2085 Nec
2033 2049 2234 2092 defuerunt,
2255 2051 2316 2096 qui
2336 2051 2487 2087 aethera
2498 2051 2631 2088 Jovem
2654 2064 2737 2088 esse

430 2106 672 2150 crediderunt,
687 2117 793 2154 quem
804 2111 944 2154 patrem
957 2105 1152 2154 appellavit
1162 2104 1351 2142 Lucretius
1366 2104 1446 2142 libr.
1459 2104 1488 2142 1.
1502 2117 1545 2141 ac
1560 2111 1692 2141 terram
1708 2110 1870 2149 matrem,
1886 2104 1983 2152 quod
2000 2115 2049 2141 ex
2064 2105 2119 2141 his
2135 2106 2256 2142 omnia
2271 2106 2444 2154 oriantur,
2461 2112 2501 2144 ut
2515 2106 2647 2144 dictum
2664 2114 2732 2145 est:

1017 2163 1210 2198 Postremo
1233 2169 1389 2209 pereunt
1409 2164 1560 2207 imbres,
1584 2163 1644 2197 ubi
1669 2174 1733 2198 eos
1755 2169 1862 2210 pater
1884 2163 2011 2200 aether

1017 2219 1056 2256 ln
1081 2220 1255 2266 gremium
1279 2221 1404 2257 matris
1427 2222 1540 2256 terrai
1561 2220 1825 2267 praecipitavit.

429 2280 477 2314 At
490 2278 660 2325 Virgilius
683 2289 757 2312 non
782 2277 897 2312 solum
920 2283 1078 2324 patrem,
1108 2277 1176 2312 sed
1199 2278 1308 2313 etiam
1331 2279 1617 2325 omnipotentem
1640 2278 1785 2313 vocavit
1808 2277 1974 2312 aethera:
1999 2288 2072 2324 quo
2095 2278 2244 2313 nomine
2266 2278 2404 2313 nulium
2428 2289 2547 2325 neque
2571 2278 2729 2314 elemen-

431 2341 505 2371 mm
528 2346 646 2381 neque
662 2334 791 2376 Deum,
816 2345 935 2379 neque
951 2333 1075 2369 mundi
1086 2339 1238 2380 patrem,
1262 2340 1409 2381 praeter
1431 2345 1539 2369 unum
1553 2334 1684 2370 Jovem
1700 2338 1875 2369 vocarunt
1890 2333 2045 2378 antiqui:
2069 2334 2123 2369 sic
2140 2335 2237 2370 enim
2252 2334 2378 2370 scribit
2393 2334 2458 2371 lib.
2475 2346 2550 2370 sec.
2568 2333 2712 2380 Georgz

1014 2389 1103 2425 'rum
1126 2396 1230 2436 pater
1252 2392 1483 2437 omnipotens
1507 2390 1695 2426 foecundis
1720 2389 1892 2425 imbribus
1916 2389 2045 2425 aether

1018 2445 1189 2493 Conjugis
1212 2447 1249 2482 in
1272 2446 1447 2493 gremium
1471 2446 1591 2482 laetae
1615 2446 1815 2490 descendit,
1839 2452 1877 2483 et
1898 2457 2030 2482 omnes

1013 2503 1170 2548 Magnus
1195 2503 1259 2537 alit
1282 2515 1414 2548 magno
1438 2504 1645 2538 commistus
1669 2515 1824 2551 corpore
1850 2503 1983 2539 foetus.

430 2559 526 2641 ataid
551 2567 608 2615 est
631 2560 1032 2642 “utem-anaensseffier'
1056 2572 1163 2606 quam
1187 2561 1358 2595 universa
1379 2560 1482 2605 regio
1506 2560 1581 2603 ina,
1606 2572 1712 2606 quam
1727 2562 1972 2607 Anaxagoras
1996 2562 2119 2606 ignem
2143 2571 2227 2595 esse
2251 2560 2402 2596 credidit
2425 2566 2462 2595 et
2485 2562 2568 2607 quia
2589 2571 2737 2607 semper

429 2616 471 2641 81·
496 2611 576 2642 etet
598 2611 650 2642 lia
672 2616 820 2642 110quss
904 2633 913 2642 .

372 2662 402 2706 ¹)
426 2660 627 2697 Efferuntur
656 2661 750 2697 haee
773 2661 887 2698 verba
917 2662 953 2697 in
978 2661 1177 2698 Troadibus
1201 2664 1253 2707 (v.
1279 2661 1358 2698 890.
1381 2664 1457 2709 sq.)
1482 2663 1528 2699 ab
1552 2663 1720 2702 Hecuba.

1100 2713 1144 2753 Ὠ
1166 2720 1233 2764 γῆς
1263 2715 1383 2767 ὄχημα
1405 2718 1499 2754 κάπὶ
1521 2723 1589 2765 γῆς
1611 2721 1708 2766 ἔχων
1737 2719 1852 2768 ἕδραν

1107 2773 1203 2815 ὅστις
1226 2772 1301 2811 πότ’
1330 2775 1365 2811 εἶ
1385 2774 1430 2811 σὺ
1454 2773 1709 2817 δυστόπαστος
1730 2777 1869 2814 εἰδέναι.

1109 2829 1213 2870 Ζεύς.

428 2884 476 2920 cf.
510 2884 634 2920 Schol.
665 2885 712 2920 ad
740 2886 848 2921 Arist.
880 2885 976 2922 Nub.
1006 2897 1043 2922 v.
1073 2887 1152 2923 265,
1177 2886 1274 2933 Ἁὴρ,
1307 2883 1346 2927 ὃς
1373 2887 1465 2933 ἔχεις
1491 2887 1558 2932 τὴν
1592 2889 1667 2934 γῆν
1693 2890 1893 2937 μετέωρον]
1927 2885 1966 2929 ὃς
1997 2891 2225 2936 παρείληφας
2251 2887 2316 2932 τὴν
2342 2889 2414 2934 γῆν
2441 2886 2504 2922 καὶ
2537 2885 2739 2932 βαστάζεις.

427 2937 519 2981 δόξα
541 2938 614 2990 γάρ
637 2954 689 2981 τις
711 2941 898 2988 ἐθρυλεῖτο
922 2943 996 2979 τῶν
1019 2945 1202 2989 φυσικῶν,
1234 2941 1288 2980 ὅτι
1311 2946 1461 2982 πλατεῖα
1485 2939 1579 2980 οὖσα
1601 2942 1624 2989 ἡ
1648 2945 1697 2991 γῆ
1722 2944 1859 2993 ὀχεῖται
1882 2945 1923 2983 ἐν
1943 2947 1994 2992 τῷ
2017 2945 2112 2993 ἀέρι.
2133 2966 2179 2973 -
2202 2944 2378 2982 Cornutus
2401 2942 2433 2980 s.
2457 2942 2668 2981 Phurnutus
2693 2943 2741 2980 de

425 2996 512 3033 Nat.
544 2998 657 3035 Deor.
690 2998 748 3034 20.
779 3010 816 3046 p.
851 2998 928 3035 184.
960 2998 1106 3048 κορυφὴ
1142 3000 1185 3036 δὲ
1223 3003 1342 3046 θεῶν,
1378 3000 1458 3038 κατ’
1501 3001 1728 3052 Εὐριπίδην,
1762 3001 1781 3038 ὃ
1814 3004 1898 3052 περὶ
1925 3000 2032 3049 χθόν’
2069 3003 2163 3050 ἔχων
2192 2998 2342 3050 φαεινὸς
2373 2998 2501 3052 αἰθήρ·
2535 3020 2582 3029 —
2616 3000 2741 3049 Eurip-

427 3054 563 3090 Bacch.
586 3067 623 3091 v.
650 3055 729 3092 292.
754 3058 821 3091 τοῦ
848 3053 953 3102 χθόν’
989 3056 1285 3105 ἐγκυκλουμένου
1308 3060 1480 3109 Αἰθέρος.
1504 3077 1550 3084 —-
1966 3060 2096 3097 Incert.
2121 3066 2212 3106 trag.
2236 3058 2281 3095 fr.
2305 3057 2432 3096 (MV.

759 3112 890 3148 Incert.
915 3119 1006 3158 trag.
1031 3113 1076 3150 sr.
1103 3114 1331 3152 CLXXVIII.
1652 3112 1824 3164 βάσομαί
1842 3116 1874 3152 τ’
1905 3116 1940 3156 ἐς
1963 3119 2094 3165 αἰθέρα
2117 3113 2236 3152 πολὺν

494 3171 558 3205 καὶ
582 3172 673 3206 Γαΐα
702 3172 829 3219 μῆτερ.
872 3169 1018 3207 Ἑστίαν
1040 3171 1086 3207 δέ
1106 3171 1179 3207 σὀἱ
1200 3174 1315 3220 σοφοὶ
1656 3173 1819 3223 ἀερθεὶς,
1845 3177 1937 3219 Ζηνὶ
1961 3176 2184 3223 προσμίξων.

497 3229 641 3276 βροτῶν
662 3229 853 3271 καλοῦσιν,
877 3226 1015 3277 ἡμένην
1038 3228 1079 3265 ἓν
1101 3230 1235 3278 αἰθέρι.
2033 3228 2148 3277 Iphig.
2173 3228 2216 3266 Τ.
2239 3240 2279 3267 v.
2303 3228 2362 3266 42.

757 3286 823 3321 His
848 3286 960 3321 addas
983 3286 1098 3333 Iphig.
1123 3289 1168 3323 A.
1193 3300 1229 3324 v.
1254 3288 1334 3324 366.
1655 3282 1682 3321 ἃ
1704 3286 1813 3323 καινὰ
1837 3287 1872 3321 δ’
1900 3283 1976 3331 ἣκει
1999 3285 2066 3327 νὺξ
2087 3289 2254 3336 φέρουσα
2278 3284 2461 3336 φάσματα

498 3333 602 3382 οὗτος
625 3340 734 3384 αὐτός
756 3343 854 3381 ἔστιν
877 3340 999 3392 αἰθήρ,
1026 3339 1063 3383 ὃς
1085 3341 1164 3380 τάδ’
1194 3342 1351 3388 ἤκουσεν
1373 3346 1495 3384 σέθεν.
1657 3346 1747 3386 λέξω
1772 3343 1865 3394 πρὸς
1886 3343 2023 3393 (Ξῖ-Ἆρ’·

2276 3408 2290 3427 4
2442 3399 2468 3437 2
