<?xml version="1.0" encoding="UTF-8"?>
<!DOCTYPE html PUBLIC "-//W3C//DTD XHTML 1.0 Transitional//EN"
    "http://www.w3.org/TR/xhtml1/DTD/xhtml1-transitional.dtd">
<html xmlns="http://www.w3.org/1999/xhtml" xml:lang="en" lang="en">
 <head>
  <title>
</title>
<meta http-equiv="Content-Type" content="text/html;charset=utf-8" />
  <meta name='ocr-system' content='tesseract 3.04.00' />
  <meta name='ocr-capabilities' content='ocr_page ocr_carea ocr_par ocr_line ocrx_word'/>
</head>
<body>
  <div class='ocr_page' id='page_1' title='image "4770480_0019.png"; bbox 0 0 3117 3854; ppageno 0'>
   <div class='ocr_carea' id='block_1_1' title="bbox 1255 137 1678 194">
    <p class='ocr_par' dir='ltr' id='par_1_1' title="bbox 1255 137 1678 194">
     <span class='ocr_line' id='line_1_1' title="bbox 1255 137 1678 194; baseline 0.002 -1"><span class='ocrx_word' id='word_1_1' title='bbox 1255 149 1370 194; x_wconf 53' lang='lat' dir='ltr'><strong>aa»</strong></span> <span class='ocrx_word' id='word_1_2' title='bbox 1432 137 1678 194; x_wconf 51' lang='lat' dir='ltr'><strong>lla-«ex</strong></span> 
     </span>
    </p>
   </div>
   <div class='ocr_carea' id='block_1_2' title="bbox 244 260 2685 1670">
    <p class='ocr_par' dir='ltr' id='par_1_2' title="bbox 246 260 2685 718">
     <span class='ocr_line' id='line_1_2' title="bbox 248 260 2685 328; baseline 0.002 -19"><span class='ocrx_word' id='word_1_3' title='bbox 248 277 434 323; x_wconf 88' lang='lat' dir='ltr'><strong>quarum</strong></span> <span class='ocrx_word' id='word_1_4' title='bbox 460 263 604 308; x_wconf 81' lang='lat' dir='ltr'><strong>altera</strong></span> <span class='ocrx_word' id='word_1_5' title='bbox 629 276 705 306; x_wconf 90' lang='lat' dir='ltr'><strong>res</strong></span> <span class='ocrx_word' id='word_1_6' title='bbox 735 261 909 306; x_wconf 82' lang='lat' dir='ltr'><strong>calidae</strong></span> <span class='ocrx_word' id='word_1_7' title='bbox 938 269 982 307; x_wconf 92' lang='lat' dir='ltr'><strong>et</strong></span> <span class='ocrx_word' id='word_1_8' title='bbox 1010 269 1185 316; x_wconf 88' lang='lat' dir='ltr'><strong>tenues,</strong></span> <span class='ocrx_word' id='word_1_9' title='bbox 1214 260 1391 306; x_wconf 89' lang='lat' dir='ltr'><strong>lucidae</strong></span> <span class='ocrx_word' id='word_1_10' title='bbox 1421 267 1466 307; x_wconf 91' lang='lat' dir='ltr'><strong>et</strong></span> <span class='ocrx_word' id='word_1_11' title='bbox 1493 262 1644 307; x_wconf 80' lang='lat' dir='ltr'><strong>siccae</strong></span> <span class='ocrx_word' id='word_1_12' title='bbox 1673 263 1764 308; x_wconf 87' lang='lat' dir='ltr'><strong>sint</strong></span> <span class='ocrx_word' id='word_1_13' title='bbox 1792 264 2074 323; x_wconf 86' lang='lat' dir='ltr'><strong>conjunctae,</strong></span> <span class='ocrx_word' id='word_1_14' title='bbox 2110 265 2154 308; x_wconf 90' lang='lat' dir='ltr'><strong>in</strong></span> <span class='ocrx_word' id='word_1_15' title='bbox 2183 265 2326 311; x_wconf 88' lang='lat' dir='ltr'><strong>altera</strong></span> <span class='ocrx_word' id='word_1_16' title='bbox 2345 267 2565 328; x_wconf 25' lang='lat' dir='ltr'><strong>&#39;deorsum</strong></span> <span class='ocrx_word' id='word_1_17' title='bbox 2590 268 2685 314; x_wconf 82' lang='lat' dir='ltr'><strong>lata</strong></span> 
     </span>
     <span class='ocr_line' id='line_1_3' title="bbox 248 342 2683 406; baseline 0.002 -18"><span class='ocrx_word' id='word_1_18' title='bbox 248 345 482 388; x_wconf 86' lang='lat' dir='ltr'><strong>obscurae</strong></span> <span class='ocrx_word' id='word_1_19' title='bbox 509 350 554 386; x_wconf 88' lang='lat' dir='ltr'><strong>et</strong></span> <span class='ocrx_word' id='word_1_20' title='bbox 593 342 821 397; x_wconf 84' lang='lat' dir='ltr'><strong>humidae,</strong></span> <span class='ocrx_word' id='word_1_21' title='bbox 860 342 1047 399; x_wconf 86' lang='lat' dir='ltr'><strong>frigidae</strong></span> <span class='ocrx_word' id='word_1_22' title='bbox 1077 358 1133 386; x_wconf 91' lang='lat' dir='ltr'><strong>ac</strong></span> <span class='ocrx_word' id='word_1_23' title='bbox 1162 343 1330 387; x_wconf 83' lang='lat' dir='ltr'><strong>densae</strong></span> <span class='ocrx_word' id='word_1_24' title='bbox 1354 346 1407 396; x_wconf 87' lang='lat'><strong>¹):</strong></span> <span class='ocrx_word' id='word_1_25' title='bbox 1444 342 1507 386; x_wconf 92' lang='lat' dir='ltr'><strong>ita</strong></span> <span class='ocrx_word' id='word_1_26' title='bbox 1533 343 1770 400; x_wconf 83' lang='lat' dir='ltr'><strong>Euripides</strong></span> <span class='ocrx_word' id='word_1_27' title='bbox 1798 344 1986 401; x_wconf 91' lang='lat' dir='ltr'><strong>primum</strong></span> <span class='ocrx_word' id='word_1_28' title='bbox 2024 346 2200 403; x_wconf 90' lang='lat' dir='ltr'><strong>quidem</strong></span> <span class='ocrx_word' id='word_1_29' title='bbox 2229 348 2373 391; x_wconf 86' lang='lat' dir='ltr'><strong>omnia</strong></span> <span class='ocrx_word' id='word_1_30' title='bbox 2401 347 2538 402; x_wconf 87' lang='lat' dir='ltr'><strong>haec,</strong></span> <span class='ocrx_word' id='word_1_31' title='bbox 2567 362 2683 406; x_wconf 82' lang='lat' dir='ltr'><strong>quae</strong></span> 
     </span>
     <span class='ocr_line' id='line_1_4' title="bbox 248 421 2684 479; baseline 0.002 -12"><span class='ocrx_word' id='word_1_32' title='bbox 248 437 386 479; x_wconf 88' lang='lat' dir='ltr'><strong>supra</strong></span> <span class='ocrx_word' id='word_1_33' title='bbox 414 429 458 465; x_wconf 90' lang='lat' dir='ltr'><strong>et</strong></span> <span class='ocrx_word' id='word_1_34' title='bbox 487 422 658 476; x_wconf 88' lang='lat' dir='ltr'><strong>subter,</strong></span> <span class='ocrx_word' id='word_1_35' title='bbox 688 423 861 467; x_wconf 90' lang='lat' dir='ltr'><strong>censuit</strong></span> <span class='ocrx_word' id='word_1_36' title='bbox 889 436 1023 466; x_wconf 91' lang='lat' dir='ltr'><strong>unum</strong></span> <span class='ocrx_word' id='word_1_37' title='bbox 1050 421 1210 476; x_wconf 89' lang='lat' dir='ltr'><strong>fuisse,</strong></span> <span class='ocrx_word' id='word_1_38' title='bbox 1239 430 1287 465; x_wconf 89' lang='lat' dir='ltr'><strong>ut</strong></span> <span class='ocrx_word' id='word_1_39' title='bbox 1315 422 1552 465; x_wconf 83' lang='lat' dir='ltr'><strong>commixta</strong></span> <span class='ocrx_word' id='word_1_40' title='bbox 1579 423 1692 466; x_wconf 90' lang='lat' dir='ltr'><strong>inter</strong></span> <span class='ocrx_word' id='word_1_41' title='bbox 1721 438 1772 467; x_wconf 89' lang='lat' dir='ltr'><strong>se</strong></span> <span class='ocrx_word' id='word_1_42' title='bbox 1803 431 1847 467; x_wconf 94' lang='lat' dir='ltr'><strong>et</strong></span> <span class='ocrx_word' id='word_1_43' title='bbox 1877 425 2130 479; x_wconf 86' lang='lat' dir='ltr'><strong>constricta,</strong></span> <span class='ocrx_word' id='word_1_44' title='bbox 2159 425 2234 469; x_wconf 84' lang='lat' dir='ltr'><strong>vel</strong></span> <span class='ocrx_word' id='word_1_45' title='bbox 2262 441 2394 470; x_wconf 92' lang='lat' dir='ltr'><strong>unam</strong></span> <span class='ocrx_word' id='word_1_46' title='bbox 2421 426 2564 471; x_wconf 85' lang='lat' dir='ltr'><strong>fuisse</strong></span> <span class='ocrx_word' id='word_1_47' title='bbox 2592 426 2684 471; x_wconf 80' lang='lat' dir='ltr'><strong>sor-</strong></span> 
     </span>
     <span class='ocr_line' id='line_1_5' title="bbox 246 501 2682 561; baseline 0.002 -16"><span class='ocrx_word' id='word_1_48' title='bbox 246 515 364 545; x_wconf 92' lang='lat' dir='ltr'><strong>mam</strong></span> <span class='ocrx_word' id='word_1_49' title='bbox 394 501 508 545; x_wconf 92' lang='lat' dir='ltr'><strong>coeli</strong></span> <span class='ocrx_word' id='word_1_50' title='bbox 536 509 581 546; x_wconf 93' lang='lat' dir='ltr'><strong>et</strong></span> <span class='ocrx_word' id='word_1_51' title='bbox 608 510 776 556; x_wconf 89' lang='lat' dir='ltr'><strong>terrae,</strong></span> <span class='ocrx_word' id='word_1_52' title='bbox 817 501 977 545; x_wconf 90' lang='lat' dir='ltr'><strong>deinde</strong></span> <span class='ocrx_word' id='word_1_53' title='bbox 1008 516 1063 545; x_wconf 91' lang='lat' dir='ltr'><strong>ea</strong></span> <span class='ocrx_word' id='word_1_54' title='bbox 1101 501 1246 545; x_wconf 88' lang='lat' dir='ltr'><strong>divisa</strong></span> <span class='ocrx_word' id='word_1_55' title='bbox 1284 508 1505 546; x_wconf 91' lang='lat' dir='ltr'><strong>secretum</strong></span> <span class='ocrx_word' id='word_1_56' title='bbox 1533 502 1823 561; x_wconf 85' lang='lat' dir='ltr'><strong>avulsumque</strong></span> <span class='ocrx_word' id='word_1_57' title='bbox 1863 517 1965 548; x_wconf 91' lang='lat' dir='ltr'><strong>esse</strong></span> <span class='ocrx_word' id='word_1_58' title='bbox 1996 517 2025 547; x_wconf 91' lang='lat' dir='ltr'><strong>a</strong></span> <span class='ocrx_word' id='word_1_59' title='bbox 2063 511 2181 547; x_wconf 88' lang='lat' dir='ltr'><strong>terra</strong></span> <span class='ocrx_word' id='word_1_60' title='bbox 2217 505 2391 548; x_wconf 90' lang='lat' dir='ltr'><strong>coelum</strong></span> <span class='ocrx_word' id='word_1_61' title='bbox 2420 513 2463 549; x_wconf 88' lang='lat' dir='ltr'><strong>et</strong></span> <span class='ocrx_word' id='word_1_62' title='bbox 2491 507 2537 549; x_wconf 90' lang='lat' dir='ltr'><strong>in</strong></span> <span class='ocrx_word' id='word_1_63' title='bbox 2574 520 2682 550; x_wconf 90' lang='lat' dir='ltr'><strong>con·</strong></span> 
     </span>
     <span class='ocr_line' id='line_1_6' title="bbox 248 580 2681 638; baseline 0.003 -15"><span class='ocrx_word' id='word_1_64' title='bbox 248 588 450 638; x_wconf 84' lang='lat' dir='ltr'><strong>spectum</strong></span> <span class='ocrx_word' id='word_1_65' title='bbox 477 582 702 638; x_wconf 86' lang='lat' dir='ltr'><strong>prodiisse</strong></span> <span class='ocrx_word' id='word_1_66' title='bbox 740 580 923 625; x_wconf 83' lang='lat' dir='ltr'><strong>aethera</strong></span> <span class='ocrx_word' id='word_1_67' title='bbox 950 597 1124 637; x_wconf 89' lang='lat' dir='ltr'><strong>purum,</strong></span> <span class='ocrx_word' id='word_1_68' title='bbox 1164 581 1463 638; x_wconf 85' lang='lat' dir='ltr'><strong>splendidum,</strong></span> <span class='ocrx_word' id='word_1_69' title='bbox 1503 581 1697 625; x_wconf 84' lang='lat' dir='ltr'><strong>divinum</strong></span> <span class='ocrx_word' id='word_1_70' title='bbox 1726 589 1770 625; x_wconf 87' lang='lat' dir='ltr'><strong>ct</strong></span> <span class='ocrx_word' id='word_1_71' title='bbox 1799 589 1960 627; x_wconf 91' lang='lat' dir='ltr'><strong>terram</strong></span> <span class='ocrx_word' id='word_1_72' title='bbox 1990 584 2177 636; x_wconf 88' lang='lat' dir='ltr'><strong>siccam,</strong></span> <span class='ocrx_word' id='word_1_73' title='bbox 2217 585 2478 638; x_wconf 84' lang='lat' dir='ltr'><strong>obscuram,</strong></span> <span class='ocrx_word' id='word_1_74' title='bbox 2507 587 2681 631; x_wconf 89' lang='lat' dir='ltr'><strong>ratione</strong></span> 
     </span>
     <span class='ocr_line' id='line_1_7' title="bbox 248 660 2150 718; baseline 0.001 -14"><span class='ocrx_word' id='word_1_75' title='bbox 248 670 470 706; x_wconf 86' lang='lat' dir='ltr'><strong>carentem</strong></span> <span class='ocrx_word' id='word_1_76' title='bbox 500 667 544 703; x_wconf 92' lang='lat' dir='ltr'><strong>et</strong></span> <span class='ocrx_word' id='word_1_77' title='bbox 570 660 865 702; x_wconf 85' lang='lat' dir='ltr'><strong>inanimatam.</strong></span> <span class='ocrx_word' id='word_1_78' title='bbox 922 660 1198 704; x_wconf 90' lang='lat' dir='ltr'><strong>Documento</strong></span> <span class='ocrx_word' id='word_1_79' title='bbox 1230 668 1299 704; x_wconf 90' lang='lat' dir='ltr'><strong>est</strong></span> <span class='ocrx_word' id='word_1_80' title='bbox 1326 661 1607 717; x_wconf 88' lang='lat' dir='ltr'><strong>Melanippes</strong></span> <span class='ocrx_word' id='word_1_81' title='bbox 1635 660 1927 718; x_wconf 84' lang='lat' dir='ltr'><strong>fragmentum</strong></span> <span class='ocrx_word' id='word_1_82' title='bbox 1956 670 2150 706; x_wconf 81' lang='lat' dir='ltr'><strong>sextum:</strong></span> 
     </span>
    </p>

    <p class='ocr_par' dir='ltr' id='par_1_3' title="bbox 376 736 2546 802">
     <span class='ocr_line' id='line_1_8' title="bbox 376 736 2546 802; baseline 0.001 -18"><span class='ocrx_word' id='word_1_83' title='bbox 376 738 453 791; x_wconf 88' lang='grc' dir='ltr'><em>Ὡς</em></span> <span class='ocrx_word' id='word_1_84' title='bbox 484 736 670 799; x_wconf 78' lang='grc' dir='ltr'><em>οὖρανός</em></span> <span class='ocrx_word' id='word_1_85' title='bbox 698 755 744 783; x_wconf 88' lang='grc' dir='ltr'><strong>τε</strong></span> <span class='ocrx_word' id='word_1_86' title='bbox 774 737 876 797; x_wconf 75' lang='grc' dir='ltr'><em>γαῖά</em></span> <span class='ocrx_word' id='word_1_87' title='bbox 906 736 943 782; x_wconf 75' lang='grc' dir='ltr'><strong>τ’</strong></span> <span class='ocrx_word' id='word_1_88' title='bbox 978 736 1029 797; x_wconf 77' lang='grc' dir='ltr'><strong>ἦν</strong></span> <span class='ocrx_word' id='word_1_89' title='bbox 1057 739 1210 800; x_wconf 75' lang='grc' dir='ltr'><em>μορφὴ</em></span> <span class='ocrx_word' id='word_1_90' title='bbox 1239 737 1335 796; x_wconf 85' lang='grc' dir='ltr'><em>μία·</em></span> <span class='ocrx_word' id='word_1_91' title='bbox 1362 742 1365 745; x_wconf 86' lang='grc'>’</span> <span class='ocrx_word' id='word_1_92' title='bbox 1464 739 1631 800; x_wconf 78' lang='grc' dir='ltr'><em>δένδρη,</em></span> <span class='ocrx_word' id='word_1_93' title='bbox 1663 741 1853 792; x_wconf 80' lang='grc' dir='ltr'><em>πετεινὰ,</em></span> <span class='ocrx_word' id='word_1_94' title='bbox 1881 745 2042 801; x_wconf 73' lang='grc' dir='ltr'><em>θῆρας,</em></span> <span class='ocrx_word' id='word_1_95' title='bbox 2074 742 2152 794; x_wconf 68' lang='grc' dir='ltr'><em>οἷς</em></span> <span class='ocrx_word' id='word_1_96' title='bbox 2178 740 2228 786; x_wconf 76' lang='grc' dir='ltr'><strong>θ’</strong></span> <span class='ocrx_word' id='word_1_97' title='bbox 2253 742 2371 801; x_wconf 76' lang='grc' dir='ltr'><em>ἅλμη</em></span> <span class='ocrx_word' id='word_1_98' title='bbox 2392 742 2546 802; x_wconf 80' lang='grc' dir='ltr'><strong><em>τρέφει</em></strong></span> 
     </span>
    </p>

    <p class='ocr_par' dir='ltr' id='par_1_4' title="bbox 381 816 1950 879">
     <span class='ocr_line' id='line_1_9' title="bbox 381 816 1950 879; baseline -0.001 -15"><span class='ocrx_word' id='word_1_99' title='bbox 381 819 481 864; x_wconf 79' lang='grc' dir='ltr'><em>ἐπεὶ</em></span> <span class='ocrx_word' id='word_1_100' title='bbox 509 816 550 863; x_wconf 74' lang='grc' dir='ltr'><strong>δ’</strong></span> <span class='ocrx_word' id='word_1_101' title='bbox 556 816 863 879; x_wconf 71' lang='grc' dir='ltr'><em>ἐχωρίσθησαν</em></span> <span class='ocrx_word' id='word_1_102' title='bbox 894 817 1095 877; x_wconf 75' lang='grc' dir='ltr'><em>ἀλλήλων</em></span> <span class='ocrx_word' id='word_1_103' title='bbox 1126 819 1239 875; x_wconf 90' lang='grc' dir='ltr'><em>δίχα,</em></span> <span class='ocrx_word' id='word_1_104' title='bbox 1463 819 1586 876; x_wconf 75' lang='grc' dir='ltr'><em>γένος</em></span> <span class='ocrx_word' id='word_1_105' title='bbox 1615 836 1660 862; x_wconf 87' lang='grc' dir='ltr'><strong>τε</strong></span> <span class='ocrx_word' id='word_1_106' title='bbox 1691 822 1879 879; x_wconf 75' lang='grc' dir='ltr'><em>θνητῶν·</em></span> <span class='ocrx_word' id='word_1_107' title='bbox 1914 824 1950 871; x_wconf 92' lang='lat'><strong>²)</strong></span> 
     </span>
    </p>

    <p class='ocr_par' dir='ltr' id='par_1_5' title="bbox 381 894 1269 957">
     <span class='ocr_line' id='line_1_10' title="bbox 381 894 1269 957; baseline -0.001 -15"><span class='ocrx_word' id='word_1_108' title='bbox 381 896 576 943; x_wconf 84' lang='grc' dir='ltr'><em>τίκτουσι</em></span> <span class='ocrx_word' id='word_1_109' title='bbox 605 895 750 941; x_wconf 87' lang='grc' dir='ltr'><em>πάντα</em></span> <span class='ocrx_word' id='word_1_110' title='bbox 779 894 1028 942; x_wconf 77' lang='grc' dir='ltr'><em>κάνέδωκαν</em></span> <span class='ocrx_word' id='word_1_111' title='bbox 1059 896 1120 950; x_wconf 83' lang='grc' dir='ltr'><em>εἷς</em></span> <span class='ocrx_word' id='word_1_112' title='bbox 1151 895 1269 957; x_wconf 83' lang='grc' dir='ltr'><em>φάος</em></span> 
     </span>
    </p>

    <p class='ocr_par' dir='ltr' id='par_1_6' title="bbox 244 976 2682 1670">
     <span class='ocr_line' id='line_1_11' title="bbox 382 976 2681 1036; baseline 0.001 -14"><span class='ocrx_word' id='word_1_113' title='bbox 382 978 596 1028; x_wconf 87' lang='lat' dir='ltr'><strong>Quamvis</strong></span> <span class='ocrx_word' id='word_1_114' title='bbox 627 979 742 1022; x_wconf 88' lang='lat' dir='ltr'><strong>enim</strong></span> <span class='ocrx_word' id='word_1_115' title='bbox 772 980 996 1036; x_wconf 82' lang='lat' dir='ltr'><strong>sejuncta,</strong></span> <span class='ocrx_word' id='word_1_116' title='bbox 1032 986 1177 1022; x_wconf 88' lang='lat' dir='ltr'><strong>tamen</strong></span> <span class='ocrx_word' id='word_1_117' title='bbox 1206 978 1310 1020; x_wconf 91' lang='lat' dir='ltr'><strong>inde</strong></span> <span class='ocrx_word' id='word_1_118' title='bbox 1347 977 1404 1019; x_wconf 91' lang='lat' dir='ltr'><strong>ab</strong></span> <span class='ocrx_word' id='word_1_119' title='bbox 1443 976 1542 1034; x_wconf 88' lang='lat' dir='ltr'><strong>ipso</strong></span> <span class='ocrx_word' id='word_1_120' title='bbox 1574 977 1759 1021; x_wconf 88' lang='lat' dir='ltr'><strong>divortio</strong></span> <span class='ocrx_word' id='word_1_121' title='bbox 1790 978 1927 1021; x_wconf 90' lang='lat' dir='ltr'><strong>mutui</strong></span> <span class='ocrx_word' id='word_1_122' title='bbox 1956 979 2119 1021; x_wconf 86' lang='lat' dir='ltr'><strong>amoris</strong></span> <span class='ocrx_word' id='word_1_123' title='bbox 2147 980 2338 1023; x_wconf 77' lang='lat' dir='ltr'><strong>vinculis</strong></span> <span class='ocrx_word' id='word_1_124' title='bbox 2368 988 2574 1024; x_wconf 88' lang='lat' dir='ltr'><strong>tenentur</strong></span> <span class='ocrx_word' id='word_1_125' title='bbox 2604 995 2681 1024; x_wconf 93' lang='lat' dir='ltr'><strong>co-</strong></span> 
     </span>
     <span class='ocr_line' id='line_1_12' title="bbox 245 1057 2681 1116; baseline 0.001 -15"><span class='ocrx_word' id='word_1_126' title='bbox 245 1058 398 1116; x_wconf 91' lang='lat' dir='ltr'><strong>pulata</strong></span> <span class='ocrx_word' id='word_1_127' title='bbox 428 1057 602 1101; x_wconf 92' lang='lat' dir='ltr'><strong>coelum</strong></span> <span class='ocrx_word' id='word_1_128' title='bbox 631 1066 675 1101; x_wconf 92' lang='lat' dir='ltr'><strong>et</strong></span> <span class='ocrx_word' id='word_1_129' title='bbox 703 1066 839 1111; x_wconf 90' lang='lat' dir='ltr'><strong>terra,</strong></span> <span class='ocrx_word' id='word_1_130' title='bbox 868 1059 929 1101; x_wconf 90' lang='lat' dir='ltr'><strong>ita</strong></span> <span class='ocrx_word' id='word_1_131' title='bbox 956 1066 1004 1101; x_wconf 92' lang='lat' dir='ltr'><strong>ut</strong></span> <span class='ocrx_word' id='word_1_132' title='bbox 1033 1059 1208 1101; x_wconf 91' lang='lat' dir='ltr'><strong>omnino</strong></span> <span class='ocrx_word' id='word_1_133' title='bbox 1239 1057 1453 1101; x_wconf 90' lang='lat' dir='ltr'><strong>societate</strong></span> <span class='ocrx_word' id='word_1_134' title='bbox 1483 1057 1733 1100; x_wconf 88' lang='lat' dir='ltr'><strong>arctissima</strong></span> <span class='ocrx_word' id='word_1_135' title='bbox 1762 1072 1812 1100; x_wconf 90' lang='lat' dir='ltr'><strong>se</strong></span> <span class='ocrx_word' id='word_1_136' title='bbox 1842 1058 2059 1114; x_wconf 86' lang='lat' dir='ltr'><strong>attingant</strong></span> <span class='ocrx_word' id='word_1_137' title='bbox 2089 1059 2234 1101; x_wconf 86' lang='lat' dir='ltr'><strong>stabili</strong></span> <span class='ocrx_word' id='word_1_138' title='bbox 2255 1061 2411 1116; x_wconf 85' lang='lat' dir='ltr'><strong>juncta</strong></span> <span class='ocrx_word' id='word_1_139' title='bbox 2440 1062 2681 1104; x_wconf 88' lang='lat' dir='ltr'><strong>connubio.</strong></span> 
     </span>
     <span class='ocr_line' id='line_1_13' title="bbox 246 1137 2681 1196; baseline 0.001 -16"><span class='ocrx_word' id='word_1_140' title='bbox 246 1138 382 1181; x_wconf 88' lang='lat' dir='ltr'><strong>Terra</strong></span> <span class='ocrx_word' id='word_1_141' title='bbox 412 1138 547 1189; x_wconf 89' lang='lat' dir='ltr'><strong>enim,</strong></span> <span class='ocrx_word' id='word_1_142' title='bbox 588 1139 711 1180; x_wconf 90' lang='lat' dir='ltr'><strong>sicca</strong></span> <span class='ocrx_word' id='word_1_143' title='bbox 739 1152 795 1180; x_wconf 91' lang='lat' dir='ltr'><strong>ac</strong></span> <span class='ocrx_word' id='word_1_144' title='bbox 824 1138 988 1180; x_wconf 89' lang='lat' dir='ltr'><strong>sterilis</strong></span> <span class='ocrx_word' id='word_1_145' title='bbox 1018 1146 1197 1190; x_wconf 85' lang='lat' dir='ltr'><strong>natura,</strong></span> <span class='ocrx_word' id='word_1_146' title='bbox 1238 1152 1337 1179; x_wconf 88' lang='lat' dir='ltr'><strong>cum</strong></span> <span class='ocrx_word' id='word_1_147' title='bbox 1367 1151 1450 1179; x_wconf 91' lang='lat' dir='ltr'><strong>sua</strong></span> <span class='ocrx_word' id='word_1_148' title='bbox 1479 1143 1639 1191; x_wconf 89' lang='lat' dir='ltr'><strong>sponte</strong></span> <span class='ocrx_word' id='word_1_149' title='bbox 1674 1137 1780 1179; x_wconf 88' lang='lat' dir='ltr'><strong>nihil</strong></span> <span class='ocrx_word' id='word_1_150' title='bbox 1809 1139 1995 1193; x_wconf 83' lang='lat' dir='ltr'><strong>gignere</strong></span> <span class='ocrx_word' id='word_1_151' title='bbox 2033 1139 2199 1193; x_wconf 86' lang='lat' dir='ltr'><strong>possit,</strong></span> <span class='ocrx_word' id='word_1_152' title='bbox 2238 1139 2431 1181; x_wconf 88' lang='lat' dir='ltr'><strong>aetheris</strong></span> <span class='ocrx_word' id='word_1_153' title='bbox 2471 1141 2681 1196; x_wconf 81' lang='lat' dir='ltr'><strong>amplexu</strong></span> 
     </span>
     <span class='ocr_line' id='line_1_14' title="bbox 245 1215 2682 1274; baseline 0 -14"><span class='ocrx_word' id='word_1_154' title='bbox 245 1216 416 1260; x_wconf 90' lang='lat' dir='ltr'><strong>semina</strong></span> <span class='ocrx_word' id='word_1_155' title='bbox 444 1215 666 1273; x_wconf 91' lang='lat' dir='ltr'><strong>recipiens</strong></span> <span class='ocrx_word' id='word_1_156' title='bbox 695 1231 750 1259; x_wconf 86' lang='lat' dir='ltr'><strong>ac</strong></span> <span class='ocrx_word' id='word_1_157' title='bbox 780 1217 907 1273; x_wconf 88' lang='lat' dir='ltr'><strong>quasi</strong></span> <span class='ocrx_word' id='word_1_158' title='bbox 937 1217 1166 1274; x_wconf 82' lang='lat' dir='ltr'><strong>gravidata</strong></span> <span class='ocrx_word' id='word_1_159' title='bbox 1206 1229 1335 1258; x_wconf 90' lang='lat' dir='ltr'><strong>omne</strong></span> <span class='ocrx_word' id='word_1_160' title='bbox 1364 1215 1649 1258; x_wconf 88' lang='lat' dir='ltr'><strong>animantium</strong></span> <span class='ocrx_word' id='word_1_161' title='bbox 1685 1229 1826 1272; x_wconf 86' lang='lat' dir='ltr'><strong>genus</strong></span> <span class='ocrx_word' id='word_1_162' title='bbox 1856 1231 1913 1259; x_wconf 81' lang='lat' dir='ltr'><strong>ex</strong></span> <span class='ocrx_word' id='word_1_163' title='bbox 1943 1217 2097 1273; x_wconf 81' lang='lat' dir='ltr'><strong>gremii</strong></span> <span class='ocrx_word' id='word_1_164' title='bbox 2129 1217 2199 1260; x_wconf 88' lang='lat' dir='ltr'><strong>sui</strong></span> <span class='ocrx_word' id='word_1_165' title='bbox 2227 1216 2526 1262; x_wconf 83' lang='lat' dir='ltr'><strong>foecunditate</strong></span> <span class='ocrx_word' id='word_1_166' title='bbox 2557 1221 2682 1261; x_wconf 90' lang='lat' dir='ltr'><strong>emit-</strong></span> 
     </span>
     <span class='ocr_line' id='line_1_15' title="bbox 244 1295 2681 1356; baseline 0.001 -17"><span class='ocrx_word' id='word_1_167' title='bbox 244 1297 307 1349; x_wconf 89' lang='lat' dir='ltr'><strong>tit,</strong></span> <span class='ocrx_word' id='word_1_168' title='bbox 335 1298 524 1352; x_wconf 86' lang='lat' dir='ltr'><strong>plantas,</strong></span> <span class='ocrx_word' id='word_1_169' title='bbox 552 1296 774 1348; x_wconf 89' lang='lat' dir='ltr'><strong>volucres,</strong></span> <span class='ocrx_word' id='word_1_170' title='bbox 804 1295 937 1348; x_wconf 89' lang='lat' dir='ltr'><strong>feras,</strong></span> <span class='ocrx_word' id='word_1_171' title='bbox 966 1296 1185 1347; x_wconf 84' lang='lat' dir='ltr'><strong>homines3</strong></span> <span class='ocrx_word' id='word_1_172' title='bbox 1216 1296 1320 1339; x_wconf 90' lang='lat' dir='ltr'><strong>inde</strong></span> <span class='ocrx_word' id='word_1_173' title='bbox 1348 1295 1581 1338; x_wconf 86' lang='lat' dir='ltr'><strong>verissime</strong></span> <span class='ocrx_word' id='word_1_174' title='bbox 1611 1296 1710 1346; x_wconf 93' lang='lat' dir='ltr'><strong>duo,</strong></span> <span class='ocrx_word' id='word_1_175' title='bbox 1741 1296 1935 1338; x_wconf 84' lang='lat' dir='ltr'><strong>Aethera</strong></span> <span class='ocrx_word' id='word_1_176' title='bbox 1965 1304 2009 1339; x_wconf 91' lang='lat' dir='ltr'><strong>et</strong></span> <span class='ocrx_word' id='word_1_177' title='bbox 2037 1296 2232 1349; x_wconf 84' lang='lat' dir='ltr'><strong>Terram,</strong></span> <span class='ocrx_word' id='word_1_178' title='bbox 2262 1297 2441 1340; x_wconf 87' lang='lat' dir='ltr'><strong>invocat</strong></span> <span class='ocrx_word' id='word_1_179' title='bbox 2469 1306 2681 1356; x_wconf 87' lang='lat' dir='ltr'><strong>tanquam</strong></span> 
     </span>
     <span class='ocr_line' id='line_1_16' title="bbox 244 1372 2681 1434; baseline 0.002 -18"><span class='ocrx_word' id='word_1_180' title='bbox 244 1375 441 1426; x_wconf 83' lang='lat' dir='ltr'><strong>numina,</strong></span> <span class='ocrx_word' id='word_1_181' title='bbox 478 1375 718 1418; x_wconf 86' lang='lat' dir='ltr'><strong>Aetherem</strong></span> <span class='ocrx_word' id='word_1_182' title='bbox 750 1372 793 1426; x_wconf 81' lang='grc' dir='ltr'><strong>(ὃ</strong></span> <span class='ocrx_word' id='word_1_183' title='bbox 823 1373 1004 1434; x_wconf 73' lang='grc' dir='ltr'><em>Αἰθήρ,</em></span> <span class='ocrx_word' id='word_1_184' title='bbox 1037 1372 1061 1419; x_wconf 84' lang='grc' dir='ltr'>ὁ</span> <span class='ocrx_word' id='word_1_185' title='bbox 1099 1372 1333 1434; x_wconf 67' lang='grc' dir='ltr'><em>Οὐρανός),</em></span> <span class='ocrx_word' id='word_1_186' title='bbox 1363 1381 1411 1416; x_wconf 92' lang='lat' dir='ltr'><strong>ut</strong></span> <span class='ocrx_word' id='word_1_187' title='bbox 1440 1374 1623 1430; x_wconf 83' lang='lat' dir='ltr'><strong>originis</strong></span> <span class='ocrx_word' id='word_1_188' title='bbox 1652 1381 1896 1418; x_wconf 80' lang='lat' dir='ltr'><strong>auctorem.</strong></span> <span class='ocrx_word' id='word_1_189' title='bbox 1924 1376 2123 1417; x_wconf 86' lang='lat' dir='ltr'><strong>maritum</strong></span> <span class='ocrx_word' id='word_1_190' title='bbox 2152 1376 2394 1430; x_wconf 89' lang='lat' dir='ltr'><strong>perhibens</strong></span> <span class='ocrx_word' id='word_1_191' title='bbox 2422 1385 2681 1434; x_wconf 87' lang='lat' dir='ltr'><strong>patremque</strong></span> 
     </span>
     <span class='ocr_line' id='line_1_17' title="bbox 246 1450 2681 1513; baseline 0.001 -15"><span class='ocrx_word' id='word_1_192' title='bbox 246 1455 437 1498; x_wconf 90' lang='lat' dir='ltr'><strong>omnium</strong></span> <span class='ocrx_word' id='word_1_193' title='bbox 465 1470 631 1507; x_wconf 86' lang='lat' dir='ltr'><strong>rerum,</strong></span> <span class='ocrx_word' id='word_1_194' title='bbox 667 1454 848 1498; x_wconf 85' lang='lat' dir='ltr'><strong>Terram</strong></span> <span class='ocrx_word' id='word_1_195' title='bbox 879 1452 925 1512; x_wconf 71' lang='grc' dir='ltr'><strong>(ἡ</strong></span> <span class='ocrx_word' id='word_1_196' title='bbox 958 1456 1036 1511; x_wconf 70' lang='grc' dir='ltr'><strong>Γῆ,</strong></span> <span class='ocrx_word' id='word_1_197' title='bbox 1070 1452 1094 1511; x_wconf 77' lang='grc' dir='ltr'>ἡ</span> <span class='ocrx_word' id='word_1_198' title='bbox 1128 1457 1260 1507; x_wconf 84' lang='grc' dir='ltr'><em>Γαῖα,</em></span> <span class='ocrx_word' id='word_1_199' title='bbox 1300 1450 1326 1511; x_wconf 82' lang='grc' dir='ltr'><em>ἢ</em></span> <span class='ocrx_word' id='word_1_200' title='bbox 1358 1450 1590 1513; x_wconf 84' lang='grc' dir='ltr'><em>Δημήτηρ)</em></span> <span class='ocrx_word' id='word_1_201' title='bbox 1622 1452 1888 1497; x_wconf 88' lang='lat' dir='ltr'><strong>nutrimenta</strong></span> <span class='ocrx_word' id='word_1_202' title='bbox 1917 1454 2270 1510; x_wconf 87' lang='lat' dir='ltr'><strong>suppeditantem</strong></span> <span class='ocrx_word' id='word_1_203' title='bbox 2299 1454 2558 1512; x_wconf 85' lang='lat' dir='ltr'><strong>significans</strong></span> <span class='ocrx_word' id='word_1_204' title='bbox 2587 1470 2681 1500; x_wconf 91' lang='lat' dir='ltr'><strong>ma-</strong></span> 
     </span>
     <span class='ocr_line' id='line_1_18' title="bbox 244 1533 2681 1593; baseline 0.001 -17"><span class='ocrx_word' id='word_1_205' title='bbox 244 1542 355 1577; x_wconf 88' lang='lat' dir='ltr'><strong>trem</strong></span> <span class='ocrx_word' id='word_1_206' title='bbox 383 1542 515 1590; x_wconf 86' lang='lat' dir='ltr'><strong>atque</strong></span> <span class='ocrx_word' id='word_1_207' title='bbox 545 1535 772 1576; x_wconf 87' lang='lat' dir='ltr'><strong>nutricem.</strong></span> <span class='ocrx_word' id='word_1_208' title='bbox 816 1533 944 1576; x_wconf 87' lang='lat' dir='ltr'><strong>Hanc</strong></span> <span class='ocrx_word' id='word_1_209' title='bbox 974 1534 1216 1576; x_wconf 85' lang='lat' dir='ltr'><strong>doctrinam</strong></span> <span class='ocrx_word' id='word_1_210' title='bbox 1246 1548 1372 1577; x_wconf 90' lang='lat' dir='ltr'><strong>suam</strong></span> <span class='ocrx_word' id='word_1_211' title='bbox 1401 1533 1664 1588; x_wconf 87' lang='lat' dir='ltr'><strong>saepissime</strong></span> <span class='ocrx_word' id='word_1_212' title='bbox 1696 1533 1902 1588; x_wconf 80' lang='lat' dir='ltr'><strong>exposuit</strong></span> <span class='ocrx_word' id='word_1_213' title='bbox 1921 1533 2154 1589; x_wconf 89' lang='lat' dir='ltr'><strong>Euripides</strong></span> <span class='ocrx_word' id='word_1_214' title='bbox 2184 1548 2268 1578; x_wconf 91' lang='lat' dir='ltr'><strong>nec</strong></span> <span class='ocrx_word' id='word_1_215' title='bbox 2287 1549 2540 1591; x_wconf 88' lang='lat' dir='ltr'><strong>possumus,</strong></span> <span class='ocrx_word' id='word_1_216' title='bbox 2572 1536 2681 1593; x_wconf 88' lang='lat' dir='ltr'><strong>quin</strong></span> 
     </span>
     <span class='ocr_line' id='line_1_19' title="bbox 244 1612 1509 1670; baseline 0 -15"><span class='ocrx_word' id='word_1_217' title='bbox 244 1622 550 1669; x_wconf 89' lang='lat' dir='ltr'><strong>apportemus,</strong></span> <span class='ocrx_word' id='word_1_218' title='bbox 591 1629 703 1670; x_wconf 88' lang='lat' dir='ltr'><strong>quae</strong></span> <span class='ocrx_word' id='word_1_219' title='bbox 723 1615 811 1656; x_wconf 91' lang='lat' dir='ltr'><strong>huc</strong></span> <span class='ocrx_word' id='word_1_220' title='bbox 839 1614 1059 1668; x_wconf 88' lang='lat' dir='ltr'><strong>pertinent</strong></span> <span class='ocrx_word' id='word_1_221' title='bbox 1088 1615 1205 1655; x_wconf 90' lang='lat' dir='ltr'><strong>dicta</strong></span> <span class='ocrx_word' id='word_1_222' title='bbox 1234 1612 1509 1669; x_wconf 85' lang='lat' dir='ltr'><strong>gravissima.</strong></span> 
     </span>
    </p>
   </div>
   <div class='ocr_carea' id='block_1_3' title="bbox 310 1687 2554 2465">
    <p class='ocr_par' dir='ltr' id='par_1_7' title="bbox 310 1687 2554 2465">
     <span class='ocr_line' id='line_1_20' title="bbox 579 1687 2554 1752; baseline 0.002 -19"><span class='ocrx_word' id='word_1_223' title='bbox 579 1693 736 1734; x_wconf 87' lang='lat' dir='ltr'><strong>Incert.</strong></span> <span class='ocrx_word' id='word_1_224' title='bbox 767 1699 878 1748; x_wconf 86' lang='lat' dir='ltr'><strong>trag.</strong></span> <span class='ocrx_word' id='word_1_225' title='bbox 909 1691 960 1734; x_wconf 88' lang='lat' dir='ltr'><strong>fr.</strong></span> <span class='ocrx_word' id='word_1_226' title='bbox 992 1692 1061 1733; x_wconf 88' lang='lat' dir='ltr'><strong>Ill.</strong></span> <span class='ocrx_word' id='word_1_227' title='bbox 1091 1693 1132 1734; x_wconf 94' lang='lat' dir='ltr'><strong>b.</strong></span> <span class='ocrx_word' id='word_1_228' title='bbox 1528 1687 1697 1748; x_wconf 63' lang='grc' dir='ltr'><em>ὄμβρου</em></span> <span class='ocrx_word' id='word_1_229' title='bbox 1729 1694 1876 1735; x_wconf 80' lang='grc' dir='ltr'><em>πεσεῖν</em></span> <span class='ocrx_word' id='word_1_230' title='bbox 1908 1688 1970 1743; x_wconf 82' lang='grc' dir='ltr'><em>εἰς</em></span> <span class='ocrx_word' id='word_1_231' title='bbox 2000 1696 2127 1749; x_wconf 70' lang='grc' dir='ltr'><em>γαῖαν</em></span> <span class='ocrx_word' id='word_1_232' title='bbox 2150 1688 2419 1752; x_wconf 75' lang='grc' dir='ltr'><em>Ἀφροδίτης</em></span> <span class='ocrx_word' id='word_1_233' title='bbox 2448 1690 2554 1737; x_wconf 70' lang='grc' dir='ltr'><em>ὕπο.</em></span> 
     </span>
     <span class='ocr_line' id='line_1_21' title="bbox 316 1768 2448 1832; baseline 0.001 -18"><span class='ocrx_word' id='word_1_234' title='bbox 316 1770 408 1829; x_wconf 74' lang='grc' dir='ltr'><strong>Τὴν</strong></span> <span class='ocrx_word' id='word_1_235' title='bbox 430 1768 697 1832; x_wconf 77' lang='grc' dir='ltr'><em>Ἀφροδίτην</em></span> <span class='ocrx_word' id='word_1_236' title='bbox 728 1769 804 1826; x_wconf 65' lang='grc' dir='ltr'><strong>οὔχ</strong></span> <span class='ocrx_word' id='word_1_237' title='bbox 834 1769 944 1830; x_wconf 75' lang='grc' dir='ltr'><em>ὁρᾷς</em></span> <span class='ocrx_word' id='word_1_238' title='bbox 974 1770 1055 1827; x_wconf 78' lang='grc' dir='ltr'><strong>ὅση</strong></span> <span class='ocrx_word' id='word_1_239' title='bbox 1085 1768 1215 1826; x_wconf 68' lang='lat'><strong>3869,-</strong></span> <span class='ocrx_word' id='word_1_240' title='bbox 1529 1769 1633 1814; x_wconf 76' lang='grc' dir='ltr'><em>ὅταν</em></span> <span class='ocrx_word' id='word_1_241' title='bbox 1664 1770 1713 1814; x_wconf 77' lang='grc' dir='ltr'><strong>δὲ</strong></span> <span class='ocrx_word' id='word_1_242' title='bbox 1742 1774 2047 1828; x_wconf 71' lang='grc' dir='ltr'><em>συμμιχθῆτον</em></span> <span class='ocrx_word' id='word_1_243' title='bbox 2078 1769 2140 1824; x_wconf 82' lang='grc' dir='ltr'><em>εἷς</em></span> <span class='ocrx_word' id='word_1_244' title='bbox 2168 1769 2324 1816; x_wconf 72' lang='grc' dir='ltr'><em>ταύτὸν</em></span> <span class='ocrx_word' id='word_1_245' title='bbox 2355 1770 2448 1826; x_wconf 80' lang='grc' dir='ltr'><em>δύο,</em></span> 
     </span>
     <span class='ocr_line' id='line_1_22' title="bbox 311 1845 2492 1911; baseline 0.001 -17"><span class='ocrx_word' id='word_1_246' title='bbox 311 1845 364 1909; x_wconf 68' lang='grc' dir='ltr'><strong>ἢν</strong></span> <span class='ocrx_word' id='word_1_247' title='bbox 395 1847 488 1894; x_wconf 68' lang='grc' dir='ltr'><em>οὐδ’</em></span> <span class='ocrx_word' id='word_1_248' title='bbox 524 1847 576 1893; x_wconf 65' lang='grc' dir='ltr'><strong>ἂν</strong></span> <span class='ocrx_word' id='word_1_249' title='bbox 606 1848 753 1902; x_wconf 71' lang='grc' dir='ltr'><em>εἴποις</em></span> <span class='ocrx_word' id='word_1_250' title='bbox 783 1848 885 1895; x_wconf 71' lang='grc' dir='ltr'><em>οὐδὲ</em></span> <span class='ocrx_word' id='word_1_251' title='bbox 915 1849 1176 1911; x_wconf 86' lang='grc' dir='ltr'><em>μετρησείας</em></span> <span class='ocrx_word' id='word_1_252' title='bbox 1206 1847 1272 1904; x_wconf 68' lang='grc' dir='ltr'><strong>ἂν,</strong></span> <span class='ocrx_word' id='word_1_253' title='bbox 1528 1848 1745 1893; x_wconf 78' lang='grc' dir='ltr'><em>τίκτουσιν</em></span> <span class='ocrx_word' id='word_1_254' title='bbox 1775 1846 1876 1907; x_wconf 69' lang='grc' dir='ltr'><em>ἡμῖν</em></span> <span class='ocrx_word' id='word_1_255' title='bbox 1906 1848 2049 1894; x_wconf 84' lang='grc' dir='ltr'><em>πάντα</em></span> <span class='ocrx_word' id='word_1_256' title='bbox 2079 1847 2365 1911; x_wconf 76' lang='grc' dir='ltr'><em>κάκτρέφουσ’</em></span> <span class='ocrx_word' id='word_1_257' title='bbox 2397 1851 2492 1907; x_wconf 78' lang='grc' dir='ltr'><strong>ἅμα</strong></span> 
     </span>
     <span class='ocr_line' id='line_1_23' title="bbox 312 1927 2486 1991; baseline 0 -16"><span class='ocrx_word' id='word_1_258' title='bbox 312 1929 394 1989; x_wconf 82' lang='grc' dir='ltr'><strong>ὅση</strong></span> <span class='ocrx_word' id='word_1_259' title='bbox 425 1930 596 1990; x_wconf 83' lang='grc' dir='ltr'><em>πέφυκε</em></span> <span class='ocrx_word' id='word_1_260' title='bbox 626 1927 734 1990; x_wconf 65' lang='grc' dir='ltr'><strong>κάφ’</strong></span> <span class='ocrx_word' id='word_1_261' title='bbox 769 1929 873 1975; x_wconf 78' lang='grc' dir='ltr'><em>ὅσον</em></span> <span class='ocrx_word' id='word_1_262' title='bbox 904 1930 1134 1991; x_wconf 83' lang='grc' dir='ltr'><em>διέρχεται.</em></span> <span class='ocrx_word' id='word_1_263' title='bbox 1535 1929 1645 1974; x_wconf 74' lang='grc' dir='ltr'><em>ὅθεν</em></span> <span class='ocrx_word' id='word_1_264' title='bbox 1673 1934 1871 1990; x_wconf 82' lang='grc' dir='ltr'><em>βροτεῖον</em></span> <span class='ocrx_word' id='word_1_265' title='bbox 1903 1932 1953 1989; x_wconf 66' lang='grc' dir='ltr'><strong>ζῆ</strong></span> <span class='ocrx_word' id='word_1_266' title='bbox 1984 1948 2028 1974; x_wconf 87' lang='grc' dir='ltr'><strong>τε</strong></span> <span class='ocrx_word' id='word_1_267' title='bbox 2058 1931 2131 1975; x_wconf 84' lang='grc' dir='ltr'><em>καὶ</em></span> <span class='ocrx_word' id='word_1_268' title='bbox 2160 1929 2321 1975; x_wconf 70' lang='grc' dir='ltr'><em>θάλλει</em></span> <span class='ocrx_word' id='word_1_269' title='bbox 2349 1930 2486 1989; x_wconf 72' lang='grc' dir='ltr'><em>γένος.</em></span> 
     </span>
     <span class='ocr_line' id='line_1_24' title="bbox 313 2006 2244 2070; baseline -0.001 -17"><span class='ocrx_word' id='word_1_270' title='bbox 313 2008 421 2069; x_wconf 72' lang='grc' dir='ltr'><em>αὕτη</em></span> <span class='ocrx_word' id='word_1_271' title='bbox 451 2009 604 2070; x_wconf 80' lang='grc' dir='ltr'><em>τρέφει</em></span> <span class='ocrx_word' id='word_1_272' title='bbox 635 2010 684 2055; x_wconf 80' lang='grc' dir='ltr'><strong>σὲ</strong></span> <span class='ocrx_word' id='word_1_273' title='bbox 713 2006 824 2066; x_wconf 71' lang='grc' dir='ltr'><em>κάμέ·</em></span> <span class='ocrx_word' id='word_1_274' title='bbox 854 2009 928 2054; x_wconf 83' lang='grc' dir='ltr'><em>καὶ</em></span> <span class='ocrx_word' id='word_1_275' title='bbox 957 2008 1124 2063; x_wconf 78' lang='grc' dir='ltr'><em>πάντας</em></span> <span class='ocrx_word' id='word_1_276' title='bbox 1151 2007 1350 2070; x_wconf 78' lang='grc' dir='ltr'><em>βροτούς.</em></span> <span class='ocrx_word' id='word_1_277' title='bbox 1900 2010 2058 2067; x_wconf 75' lang='lat' dir='ltr'><strong>Chrys.</strong></span> <span class='ocrx_word' id='word_1_278' title='bbox 2089 2010 2139 2052; x_wconf 83' lang='lat' dir='ltr'><strong>fr.</strong></span> <span class='ocrx_word' id='word_1_279' title='bbox 2172 2011 2244 2052; x_wconf 75' lang='lat' dir='ltr'><strong>Vl.</strong></span> 
     </span>
     <span class='ocr_line' id='line_1_25' title="bbox 310 2087 2275 2149; baseline -0.001 -16"><span class='ocrx_word' id='word_1_280' title='bbox 310 2087 544 2148; x_wconf 87' lang='grc' dir='ltr'><em>τεκμήριον</em></span> <span class='ocrx_word' id='word_1_281' title='bbox 574 2089 623 2134; x_wconf 80' lang='grc' dir='ltr'><strong>δὲ</strong></span> <span class='ocrx_word' id='word_1_282' title='bbox 651 2088 711 2146; x_wconf 71' lang='grc' dir='ltr'><em>μὴ</em></span> <span class='ocrx_word' id='word_1_283' title='bbox 742 2087 857 2148; x_wconf 75' lang='grc' dir='ltr'><strong>λόγῳ</strong></span> <span class='ocrx_word' id='word_1_284' title='bbox 885 2087 1019 2146; x_wconf 87' lang='grc' dir='ltr'><em>μόνον</em></span> <span class='ocrx_word' id='word_1_285' title='bbox 1046 2088 1214 2148; x_wconf 69' lang='grc' dir='ltr'><em>μάθῃς,</em></span> <span class='ocrx_word' id='word_1_286' title='bbox 1530 2094 1644 2134; x_wconf 83' lang='grc' dir='ltr'><em>Γαῖα</em></span> <span class='ocrx_word' id='word_1_287' title='bbox 1673 2088 1853 2148; x_wconf 69' lang='grc' dir='ltr'><em>μεγίστη</em></span> <span class='ocrx_word' id='word_1_288' title='bbox 1883 2090 1956 2133; x_wconf 81' lang='grc' dir='ltr'><em>καὶ</em></span> <span class='ocrx_word' id='word_1_289' title='bbox 1983 2089 2093 2141; x_wconf 82' lang='grc' dir='ltr'><em>Διὸς</em></span> <span class='ocrx_word' id='word_1_290' title='bbox 2123 2087 2275 2149; x_wconf 71' lang='grc' dir='ltr'><em>αἰθήρ,</em></span> 
     </span>
     <span class='ocr_line' id='line_1_26' title="bbox 311 2166 2424 2229; baseline 0 -17"><span class='ocrx_word' id='word_1_291' title='bbox 311 2166 423 2226; x_wconf 66' lang='grc' dir='ltr'><em>ἔργῳ</em></span> <span class='ocrx_word' id='word_1_292' title='bbox 454 2168 502 2213; x_wconf 76' lang='grc' dir='ltr'><strong>δὲ</strong></span> <span class='ocrx_word' id='word_1_293' title='bbox 532 2167 662 2221; x_wconf 77' lang='grc' dir='ltr'><em>δείξω</em></span> <span class='ocrx_word' id='word_1_294' title='bbox 692 2168 741 2212; x_wconf 84' lang='grc' dir='ltr'><strong>τὸ</strong></span> <span class='ocrx_word' id='word_1_295' title='bbox 773 2168 934 2220; x_wconf 73' lang='grc' dir='ltr'><em>σθένος</em></span> <span class='ocrx_word' id='word_1_296' title='bbox 963 2169 1011 2212; x_wconf 84' lang='grc' dir='ltr'><strong>τὸ</strong></span> <span class='ocrx_word' id='word_1_297' title='bbox 1042 2172 1120 2212; x_wconf 87' lang='grc' dir='ltr'><strong>τοῦ</strong></span> <span class='ocrx_word' id='word_1_298' title='bbox 1150 2172 1279 2213; x_wconf 73' lang='grc' dir='ltr'><em>θεοῦ.</em></span> <span class='ocrx_word' id='word_1_299' title='bbox 1529 2167 1553 2212; x_wconf 84' lang='grc' dir='ltr'><em>ὃ</em></span> <span class='ocrx_word' id='word_1_300' title='bbox 1583 2169 1663 2226; x_wconf 78' lang='grc' dir='ltr'><em>μὲν</em></span> <span class='ocrx_word' id='word_1_301' title='bbox 1693 2166 1945 2229; x_wconf 69' lang='grc' dir='ltr'><em>ἀνθρώπων</em></span> <span class='ocrx_word' id='word_1_302' title='bbox 1974 2168 2046 2212; x_wconf 85' lang='grc' dir='ltr'><em>καὶ</em></span> <span class='ocrx_word' id='word_1_303' title='bbox 2075 2171 2195 2213; x_wconf 74' lang='grc' dir='ltr'><em>θεῶν</em></span> <span class='ocrx_word' id='word_1_304' title='bbox 2224 2168 2424 2229; x_wconf 77' lang='grc' dir='ltr'><em>γενέτωρ,</em></span> 
     </span>
     <span class='ocr_line' id='line_1_27' title="bbox 312 2243 2369 2309; baseline 0 -17"><span class='ocrx_word' id='word_1_305' title='bbox 312 2246 392 2307; x_wconf 75' lang='grc' dir='ltr'><em>ἐρᾷ</em></span> <span class='ocrx_word' id='word_1_306' title='bbox 421 2246 500 2304; x_wconf 77' lang='grc' dir='ltr'><em>μὲν</em></span> <span class='ocrx_word' id='word_1_307' title='bbox 531 2243 700 2306; x_wconf 69' lang='grc' dir='ltr'><em>ὄμβρου</em></span> <span class='ocrx_word' id='word_1_308' title='bbox 731 2244 843 2305; x_wconf 76' lang='grc' dir='ltr'><em>γαῖ’,</em></span> <span class='ocrx_word' id='word_1_309' title='bbox 875 2246 980 2292; x_wconf 77' lang='grc' dir='ltr'><em>ὅταν</em></span> <span class='ocrx_word' id='word_1_310' title='bbox 1010 2247 1139 2308; x_wconf 79' lang='grc' dir='ltr'><em>ξηρὸν</em></span> <span class='ocrx_word' id='word_1_311' title='bbox 1169 2247 1305 2293; x_wconf 83' lang='grc' dir='ltr'><em>πέδον</em></span> <span class='ocrx_word' id='word_1_312' title='bbox 1527 2245 1554 2307; x_wconf 73' lang='grc' dir='ltr'>ἡ</span> <span class='ocrx_word' id='word_1_313' title='bbox 1586 2246 1626 2292; x_wconf 81' lang='grc' dir='ltr'><strong>δ’</strong></span> <span class='ocrx_word' id='word_1_314' title='bbox 1660 2246 1925 2309; x_wconf 66' lang='grc' dir='ltr'><em>ὗγροβόλονς</em></span> <span class='ocrx_word' id='word_1_315' title='bbox 1954 2245 2166 2306; x_wconf 78' lang='grc' dir='ltr'><em>σταγόνας</em></span> <span class='ocrx_word' id='word_1_316' title='bbox 2194 2246 2369 2300; x_wconf 83' lang='grc' dir='ltr'><em>νοτίους</em></span> 
     </span>
     <span class='ocr_line' id='line_1_28' title="bbox 313 2322 2261 2386; baseline 0.001 -16"><span class='ocrx_word' id='word_1_317' title='bbox 313 2322 514 2386; x_wconf 62' lang='grc' dir='ltr'><em>ἄκαρπον</em></span> <span class='ocrx_word' id='word_1_318' title='bbox 544 2323 693 2384; x_wconf 73' lang='grc' dir='ltr'><em>αὐχμῷ</em></span> <span class='ocrx_word' id='word_1_319' title='bbox 723 2324 895 2379; x_wconf 86' lang='grc' dir='ltr'><em>νοτίδος</em></span> <span class='ocrx_word' id='word_1_320' title='bbox 924 2326 1081 2379; x_wconf 78' lang='grc' dir='ltr'><em>ἐνδεῶς</em></span> <span class='ocrx_word' id='word_1_321' title='bbox 1110 2325 1198 2385; x_wconf 59' lang='grc' dir='ltr'><em>ἔχη.</em></span> <span class='ocrx_word' id='word_1_322' title='bbox 1526 2328 1863 2386; x_wconf 76' lang='grc' dir='ltr'><em>παραδεξαμένη</em></span> <span class='ocrx_word' id='word_1_323' title='bbox 1893 2325 2025 2371; x_wconf 84' lang='grc' dir='ltr'><em>τίκτει</em></span> <span class='ocrx_word' id='word_1_324' title='bbox 2054 2327 2261 2379; x_wconf 69' lang='grc' dir='ltr'><em>θνατοὺς,</em></span> 
     </span>
     <span class='ocr_line' id='line_1_29' title="bbox 313 2403 2347 2465; baseline 0 -16"><span class='ocrx_word' id='word_1_325' title='bbox 313 2403 393 2465; x_wconf 75' lang='grc' dir='ltr'><strong>ἒρᾷ</strong></span> <span class='ocrx_word' id='word_1_326' title='bbox 425 2403 465 2449; x_wconf 83' lang='grc' dir='ltr'><strong>δ’</strong></span> <span class='ocrx_word' id='word_1_327' title='bbox 500 2403 523 2449; x_wconf 83' lang='grc' dir='ltr'>ὁ</span> <span class='ocrx_word' id='word_1_328' title='bbox 556 2405 711 2460; x_wconf 85' lang='grc' dir='ltr'><em>σεμνὸς</em></span> <span class='ocrx_word' id='word_1_329' title='bbox 742 2403 927 2464; x_wconf 68' lang='grc' dir='ltr'><em>οὐρανὸς</em></span> <span class='ocrx_word' id='word_1_330' title='bbox 956 2404 1257 2464; x_wconf 77' lang='grc' dir='ltr'><em>πληρούμενος</em></span> <span class='ocrx_word' id='word_1_331' title='bbox 1524 2404 1658 2449; x_wconf 83' lang='grc' dir='ltr'><em>τίκτει</em></span> <span class='ocrx_word' id='word_1_332' title='bbox 1687 2406 1735 2451; x_wconf 77' lang='grc' dir='ltr'><strong>δὲ</strong></span> <span class='ocrx_word' id='word_1_333' title='bbox 1763 2406 1920 2465; x_wconf 80' lang='grc' dir='ltr'><em>βορὰν,</em></span> <span class='ocrx_word' id='word_1_334' title='bbox 1953 2403 2073 2464; x_wconf 71' lang='grc' dir='ltr'><em>φῦλά</em></span> <span class='ocrx_word' id='word_1_335' title='bbox 2103 2423 2148 2449; x_wconf 82' lang='grc' dir='ltr'><strong>τε</strong></span> <span class='ocrx_word' id='word_1_336' title='bbox 2178 2410 2347 2465; x_wconf 72' lang='grc' dir='ltr'><em>θηρῶν,</em></span> 
     </span>
    </p>
   </div>
   <div class='ocr_carea' id='block_1_4' title="bbox 322 2563 868 2609">
    <p class='ocr_par' dir='ltr' id='par_1_8' title="bbox 322 2563 868 2609">
     <span class='ocr_line' id='line_1_30' title="bbox 322 2563 868 2609; baseline 0 -10"><span class='ocrx_word' id='word_1_337' title='bbox 322 2565 350 2609; x_wconf 84' lang='lat'><strong>¹)</strong></span> <span class='ocrx_word' id='word_1_338' title='bbox 375 2565 494 2600; x_wconf 81' lang='lat' dir='ltr'><strong>Anax.</strong></span> <span class='ocrx_word' id='word_1_339' title='bbox 521 2564 563 2600; x_wconf 73' lang='lat' dir='ltr'><strong>fr.</strong></span> <span class='ocrx_word' id='word_1_340' title='bbox 590 2564 685 2600; x_wconf 80' lang='lat' dir='ltr'><strong>vni.</strong></span> <span class='ocrx_word' id='word_1_341' title='bbox 712 2570 748 2600; x_wconf 77' lang='lat' dir='ltr'><strong>et</strong></span> <span class='ocrx_word' id='word_1_342' title='bbox 771 2563 868 2599; x_wconf 74' lang='lat' dir='ltr'><strong>xlx.</strong></span> 
     </span>
    </p>
   </div>
   <div class='ocr_carea' id='block_1_5' title="bbox 322 2640 2675 2862">
    <p class='ocr_par' dir='ltr' id='par_1_9' title="bbox 322 2640 2675 2808">
     <span class='ocr_line' id='line_1_31' title="bbox 322 2640 2672 2693; baseline -0 -13"><span class='ocrx_word' id='word_1_343' title='bbox 322 2646 352 2690; x_wconf 84' lang='grc'><strong>2)</strong></span> <span class='ocrx_word' id='word_1_344' title='bbox 377 2644 424 2681; x_wconf 78' lang='lat' dir='ltr'><strong>cs.</strong></span> <span class='ocrx_word' id='word_1_345' title='bbox 448 2644 558 2681; x_wconf 88' lang='lat' dir='ltr'><strong>Diod.</strong></span> <span class='ocrx_word' id='word_1_346' title='bbox 583 2646 657 2681; x_wconf 90' lang='lat' dir='ltr'><strong>Sic.</strong></span> <span class='ocrx_word' id='word_1_347' title='bbox 683 2645 709 2680; x_wconf 92' lang='lat'><strong>1.</strong></span> <span class='ocrx_word' id='word_1_348' title='bbox 739 2646 791 2680; x_wconf 84' lang='lat'><strong>11.</strong></span> <span class='ocrx_word' id='word_1_349' title='bbox 809 2642 928 2680; x_wconf 78' lang='grc' dir='ltr'><em>’Ἑοικε</em></span> <span class='ocrx_word' id='word_1_350' title='bbox 960 2644 1001 2680; x_wconf 83' lang='grc' dir='ltr'><strong>δὲ</strong></span> <span class='ocrx_word' id='word_1_351' title='bbox 1031 2645 1113 2693; x_wconf 82' lang='grc' dir='ltr'><em>περὶ</em></span> <span class='ocrx_word' id='word_1_352' title='bbox 1141 2646 1203 2689; x_wconf 83' lang='grc' dir='ltr'><strong>τῆς</strong></span> <span class='ocrx_word' id='word_1_353' title='bbox 1232 2646 1305 2681; x_wconf 83' lang='grc' dir='ltr'><strong>τῶν</strong></span> <span class='ocrx_word' id='word_1_354' title='bbox 1328 2641 1422 2680; x_wconf 73' lang='grc' dir='ltr'><strong>ὅλων</strong></span> <span class='ocrx_word' id='word_1_355' title='bbox 1446 2640 1591 2691; x_wconf 79' lang='grc' dir='ltr'><em>φύσεως</em></span> <span class='ocrx_word' id='word_1_356' title='bbox 1622 2641 1702 2679; x_wconf 74' lang='grc' dir='ltr'><em>οὐδ’</em></span> <span class='ocrx_word' id='word_1_357' title='bbox 1730 2641 1934 2691; x_wconf 77' lang='grc' dir='ltr'><em>Εὐριπίδης</em></span> <span class='ocrx_word' id='word_1_358' title='bbox 1958 2642 2162 2689; x_wconf 69' lang='grc' dir='ltr'><em>διαφωνεῖν</em></span> <span class='ocrx_word' id='word_1_359' title='bbox 2192 2647 2266 2683; x_wconf 78' lang='grc' dir='ltr'><em>τοῖς</em></span> <span class='ocrx_word' id='word_1_360' title='bbox 2294 2644 2567 2692; x_wconf 77' lang='grc' dir='ltr'><em>προειρημένοις</em></span> <span class='ocrx_word' id='word_1_361' title='bbox 2590 2645 2672 2688; x_wconf 88' lang='lat' dir='ltr'><strong>(ex-</strong></span> 
     </span>
     <span class='ocr_line' id='line_1_32' title="bbox 376 2698 2675 2748; baseline -0.003 -11"><span class='ocrx_word' id='word_1_362' title='bbox 376 2708 549 2748; x_wconf 88' lang='lat' dir='ltr'><strong>posuerat</strong></span> <span class='ocrx_word' id='word_1_363' title='bbox 571 2702 755 2738; x_wconf 87' lang='lat' dir='ltr'><strong>Diodorus</strong></span> <span class='ocrx_word' id='word_1_364' title='bbox 781 2709 889 2738; x_wconf 88' lang='lat' dir='ltr'><strong>antea</strong></span> <span class='ocrx_word' id='word_1_365' title='bbox 911 2703 1105 2738; x_wconf 86' lang='lat' dir='ltr'><strong>sententias</strong></span> <span class='ocrx_word' id='word_1_366' title='bbox 1129 2714 1266 2746; x_wconf 87' lang='lat' dir='ltr'><strong>eorum,</strong></span> <span class='ocrx_word' id='word_1_367' title='bbox 1292 2701 1351 2748; x_wconf 90' lang='lat' dir='ltr'><strong>qui</strong></span> <span class='ocrx_word' id='word_1_368' title='bbox 1374 2712 1482 2736; x_wconf 89' lang='lat' dir='ltr'><strong>unum</strong></span> <span class='ocrx_word' id='word_1_369' title='bbox 1505 2706 1656 2737; x_wconf 85' lang='lat' dir='ltr'><strong>naturae</strong></span> <span class='ocrx_word' id='word_1_370' title='bbox 1680 2699 1816 2735; x_wconf 80' lang='lat' dir='ltr'><strong>vultum</strong></span> <span class='ocrx_word' id='word_1_371' title='bbox 1839 2701 1877 2735; x_wconf 90' lang='lat' dir='ltr'><strong>in</strong></span> <span class='ocrx_word' id='word_1_372' title='bbox 1901 2699 1991 2736; x_wconf 85' lang='lat' dir='ltr'><strong>orbe</strong></span> <span class='ocrx_word' id='word_1_373' title='bbox 2014 2702 2241 2745; x_wconf 86' lang='lat' dir='ltr'><strong>statuerant)·</strong></span> <span class='ocrx_word' id='word_1_374' title='bbox 2264 2698 2427 2747; x_wconf 67' lang='grc' dir='ltr'><em>μαθητὴς</em></span> <span class='ocrx_word' id='word_1_375' title='bbox 2449 2698 2502 2738; x_wconf 78' lang='grc' dir='ltr'><strong>ὢν</strong></span> <span class='ocrx_word' id='word_1_376' title='bbox 2519 2699 2675 2742; x_wconf 54' lang='lat' dir='ltr'><strong>’Anagn-</strong></span> 
     </span>
     <span class='ocr_line' id='line_1_33' title="bbox 377 2756 2468 2808; baseline -0.002 -13"><span class='ocrx_word' id='word_1_377' title='bbox 377 2756 493 2807; x_wconf 78' lang='grc' dir='ltr'><em>γάρου</em></span> <span class='ocrx_word' id='word_1_378' title='bbox 516 2761 581 2795; x_wconf 79' lang='grc' dir='ltr'><strong>τοῦ</strong></span> <span class='ocrx_word' id='word_1_379' title='bbox 607 2761 778 2807; x_wconf 79' lang='grc' dir='ltr'><em>φυσικοῦ.</em></span> <span class='ocrx_word' id='word_1_380' title='bbox 803 2781 848 2788; x_wconf 88' lang='lat'><strong>——</strong></span> <span class='ocrx_word' id='word_1_381' title='bbox 870 2759 1070 2808; x_wconf 87' lang='lat' dir='ltr'><strong>Euripideis</strong></span> <span class='ocrx_word' id='word_1_382' title='bbox 1095 2771 1293 2808; x_wconf 88' lang='lat' dir='ltr'><strong>componas</strong></span> <span class='ocrx_word' id='word_1_383' title='bbox 1317 2757 1505 2803; x_wconf 87' lang='lat' dir='ltr'><strong>0vidiana,</strong></span> <span class='ocrx_word' id='word_1_384' title='bbox 1530 2769 1624 2805; x_wconf 89' lang='lat' dir='ltr'><strong>quae</strong></span> <span class='ocrx_word' id='word_1_385' title='bbox 1648 2763 1731 2794; x_wconf 87' lang='lat' dir='ltr'><strong>sunt</strong></span> <span class='ocrx_word' id='word_1_386' title='bbox 1753 2758 1853 2793; x_wconf 85' lang='lat' dir='ltr'><strong>initio</strong></span> <span class='ocrx_word' id='word_1_387' title='bbox 1876 2757 1956 2792; x_wconf 87' lang='lat' dir='ltr'><strong>libri</strong></span> <span class='ocrx_word' id='word_1_388' title='bbox 1980 2758 2084 2804; x_wconf 85' lang='lat' dir='ltr'><strong>primi</strong></span> <span class='ocrx_word' id='word_1_389' title='bbox 2108 2757 2468 2804; x_wconf 76' lang='lat' dir='ltr'><strong>metamorphoseon:</strong></span> 
     </span>
    </p>

    <p class='ocr_par' dir='ltr' id='par_1_10' title="bbox 424 2814 2426 2862">
     <span class='ocr_line' id='line_1_34' title="bbox 424 2814 2426 2862; baseline -0.002 -10"><span class='ocrx_word' id='word_1_390' title='bbox 424 2818 517 2851; x_wconf 86' lang='lat' dir='ltr'><strong>Ante</strong></span> <span class='ocrx_word' id='word_1_391' title='bbox 542 2827 642 2852; x_wconf 85' lang='lat' dir='ltr'><strong>mare</strong></span> <span class='ocrx_word' id='word_1_392' title='bbox 666 2824 702 2852; x_wconf 86' lang='lat' dir='ltr'><strong>et</strong></span> <span class='ocrx_word' id='word_1_393' title='bbox 725 2824 839 2852; x_wconf 85' lang='lat' dir='ltr'><strong>terras</strong></span> <span class='ocrx_word' id='word_1_394' title='bbox 864 2823 900 2852; x_wconf 89' lang='lat' dir='ltr'><strong>et</strong></span> <span class='ocrx_word' id='word_1_395' title='bbox 924 2817 1021 2862; x_wconf 89' lang='lat' dir='ltr'><strong>quod</strong></span> <span class='ocrx_word' id='word_1_396' title='bbox 1044 2818 1132 2862; x_wconf 85' lang='lat' dir='ltr'><strong>tegit</strong></span> <span class='ocrx_word' id='word_1_397' title='bbox 1154 2818 1275 2852; x_wconf 90' lang='lat' dir='ltr'><strong>omnia</strong></span> <span class='ocrx_word' id='word_1_398' title='bbox 1299 2816 1438 2851; x_wconf 91' lang='lat' dir='ltr'><strong>coelum</strong></span> <span class='ocrx_word' id='word_1_399' title='bbox 1522 2817 1627 2851; x_wconf 83' lang='lat' dir='ltr'><strong>Hanc</strong></span> <span class='ocrx_word' id='word_1_400' title='bbox 1650 2815 1751 2850; x_wconf 87' lang='lat' dir='ltr'><strong>Deus</strong></span> <span class='ocrx_word' id='word_1_401' title='bbox 1775 2821 1812 2849; x_wconf 88' lang='lat' dir='ltr'><strong>et</strong></span> <span class='ocrx_word' id='word_1_402' title='bbox 1835 2815 1963 2849; x_wconf 88' lang='lat' dir='ltr'><strong>melior</strong></span> <span class='ocrx_word' id='word_1_403' title='bbox 1986 2815 2084 2848; x_wconf 88' lang='lat' dir='ltr'><strong>litem</strong></span> <span class='ocrx_word' id='word_1_404' title='bbox 2108 2814 2246 2849; x_wconf 85' lang='lat' dir='ltr'><strong>Natura</strong></span> <span class='ocrx_word' id='word_1_405' title='bbox 2269 2814 2426 2849; x_wconf 84' lang='lat' dir='ltr'><strong>diremit:</strong></span> 
     </span>
    </p>
   </div>
   <div class='ocr_carea' id='block_1_6' title="bbox 376 2870 2675 3375">
    <p class='ocr_par' dir='ltr' id='par_1_11' title="bbox 378 2870 2402 2916">
     <span class='ocr_line' id='line_1_35' title="bbox 378 2870 2402 2916; baseline -0.001 -8"><span class='ocrx_word' id='word_1_406' title='bbox 378 2873 481 2908; x_wconf 90' lang='lat' dir='ltr'><strong>Unus</strong></span> <span class='ocrx_word' id='word_1_407' title='bbox 506 2880 584 2908; x_wconf 88' lang='lat' dir='ltr'><strong>erat</strong></span> <span class='ocrx_word' id='word_1_408' title='bbox 607 2879 681 2908; x_wconf 86' lang='lat' dir='ltr'><strong>toto</strong></span> <span class='ocrx_word' id='word_1_409' title='bbox 706 2873 868 2908; x_wconf 84' lang='lat' dir='ltr'><strong>Naturae</strong></span> <span class='ocrx_word' id='word_1_410' title='bbox 892 2874 1010 2908; x_wconf 75' lang='lat' dir='ltr'><strong>vultus</strong></span> <span class='ocrx_word' id='word_1_411' title='bbox 1035 2875 1071 2908; x_wconf 89' lang='lat' dir='ltr'><strong>in</strong></span> <span class='ocrx_word' id='word_1_412' title='bbox 1095 2873 1197 2916; x_wconf 86' lang='lat' dir='ltr'><strong>orbe,</strong></span> <span class='ocrx_word' id='word_1_413' title='bbox 1522 2872 1618 2909; x_wconf 89' lang='lat' dir='ltr'><strong>Nam</strong></span> <span class='ocrx_word' id='word_1_414' title='bbox 1642 2872 1748 2908; x_wconf 90' lang='lat' dir='ltr'><strong>coelo</strong></span> <span class='ocrx_word' id='word_1_415' title='bbox 1773 2876 1887 2907; x_wconf 88' lang='lat' dir='ltr'><strong>terras</strong></span> <span class='ocrx_word' id='word_1_416' title='bbox 1913 2876 1949 2905; x_wconf 90' lang='lat' dir='ltr'><strong>et</strong></span> <span class='ocrx_word' id='word_1_417' title='bbox 1973 2872 2077 2906; x_wconf 79' lang='lat' dir='ltr'><strong>terris</strong></span> <span class='ocrx_word' id='word_1_418' title='bbox 2102 2870 2253 2906; x_wconf 85' lang='lat' dir='ltr'><strong>abscidit</strong></span> <span class='ocrx_word' id='word_1_419' title='bbox 2277 2870 2402 2913; x_wconf 85' lang='lat' dir='ltr'><strong>undas,</strong></span> 
     </span>
    </p>

    <p class='ocr_par' dir='ltr' id='par_1_12' title="bbox 379 2927 2673 2978">
     <span class='ocr_line' id='line_1_36' title="bbox 379 2927 2673 2978; baseline -0.001 -13"><span class='ocrx_word' id='word_1_420' title='bbox 379 2928 496 2967; x_wconf 71' lang='lat' dir='ltr'><strong>Quem</strong></span> <span class='ocrx_word' id='word_1_421' title='bbox 522 2929 651 2965; x_wconf 86' lang='lat' dir='ltr'><strong>dixere</strong></span> <span class='ocrx_word' id='word_1_422' title='bbox 676 2929 817 2973; x_wconf 81' lang='lat' dir='ltr'><strong>Cha0s3</strong></span> <span class='ocrx_word' id='word_1_423' title='bbox 842 2929 940 2965; x_wconf 90' lang='lat' dir='ltr'><strong>rudis</strong></span> <span class='ocrx_word' id='word_1_424' title='bbox 964 2930 1214 2977; x_wconf 85' lang='lat' dir='ltr'><strong>indigestaque</strong></span> <span class='ocrx_word' id='word_1_425' title='bbox 1239 2930 1371 2973; x_wconf 74' lang='lat' dir='ltr'><strong>moles3</strong></span> <span class='ocrx_word' id='word_1_426' title='bbox 1522 2930 1567 2965; x_wconf 89' lang='lat' dir='ltr'><strong>Et</strong></span> <span class='ocrx_word' id='word_1_427' title='bbox 1585 2929 1759 2976; x_wconf 89' lang='lat' dir='ltr'><strong>liquidum</strong></span> <span class='ocrx_word' id='word_1_428' title='bbox 1782 2929 1901 2976; x_wconf 85' lang='lat' dir='ltr'><strong>spisso</strong></span> <span class='ocrx_word' id='word_1_429' title='bbox 1923 2929 2079 2963; x_wconf 80' lang='lat' dir='ltr'><strong>secrevit</strong></span> <span class='ocrx_word' id='word_1_430' title='bbox 2101 2928 2145 2962; x_wconf 87' lang='lat' dir='ltr'><strong>ab</strong></span> <span class='ocrx_word' id='word_1_431' title='bbox 2171 2931 2254 2962; x_wconf 74' lang='lat' dir='ltr'><strong>ae‘re</strong></span> <span class='ocrx_word' id='word_1_432' title='bbox 2270 2927 2429 2978; x_wconf 80' lang='lat' dir='ltr'><strong>coelum.</strong></span> <span class='ocrx_word' id='word_1_433' title='bbox 2462 2927 2673 2973; x_wconf 56' lang='lat' dir='ltr'><strong>(inu-23).</strong></span> 
     </span>
    </p>

    <p class='ocr_par' dir='ltr' id='par_1_13' title="bbox 378 2981 2517 3034">
     <span class='ocr_line' id='line_1_37' title="bbox 378 2981 2517 3034; baseline -0.002 -13"><span class='ocrx_word' id='word_1_434' title='bbox 378 2986 459 3022; x_wconf 89' lang='lat' dir='ltr'><strong>Nec</strong></span> <span class='ocrx_word' id='word_1_435' title='bbox 476 2988 667 3034; x_wconf 89' lang='lat' dir='ltr'><strong>quicquam</strong></span> <span class='ocrx_word' id='word_1_436' title='bbox 684 2988 749 3022; x_wconf 90' lang='lat' dir='ltr'><strong>nisi</strong></span> <span class='ocrx_word' id='word_1_437' title='bbox 766 2987 907 3033; x_wconf 89' lang='lat' dir='ltr'><strong>pondus</strong></span> <span class='ocrx_word' id='word_1_438' title='bbox 924 2988 1038 3030; x_wconf 87' lang='lat' dir='ltr'><strong>iners3</strong></span> <span class='ocrx_word' id='word_1_439' title='bbox 1065 2993 1310 3033; x_wconf 86' lang='lat' dir='ltr'><strong>congestaque</strong></span> <span class='ocrx_word' id='word_1_440' title='bbox 1328 2985 1456 3021; x_wconf 83' lang='lat' dir='ltr'><strong>eodem</strong></span> <span class='ocrx_word' id='word_1_441' title='bbox 1569 2987 1632 3021; x_wconf 88' lang='lat' dir='ltr'><strong>Sic</strong></span> <span class='ocrx_word' id='word_1_442' title='bbox 1655 2987 1715 3021; x_wconf 88' lang='lat' dir='ltr'><strong>ubi</strong></span> <span class='ocrx_word' id='word_1_443' title='bbox 1740 2986 1966 3033; x_wconf 82' lang='lat' dir='ltr'><strong>dispositam,</strong></span> <span class='ocrx_word' id='word_1_444' title='bbox 1991 2985 2148 3031; x_wconf 88' lang='lat' dir='ltr'><strong>quisquis</strong></span> <span class='ocrx_word' id='word_1_445' title='bbox 2172 2983 2236 3018; x_wconf 87' lang='lat' dir='ltr'><strong>suit</strong></span> <span class='ocrx_word' id='word_1_446' title='bbox 2258 2982 2319 3017; x_wconf 91' lang='lat' dir='ltr'><strong>ille</strong></span> <span class='ocrx_word' id='word_1_447' title='bbox 2342 2981 2517 3026; x_wconf 86' lang='lat' dir='ltr'><strong>Deorum,</strong></span> 
     </span>
    </p>

    <p class='ocr_par' dir='ltr' id='par_1_14' title="bbox 378 3037 2673 3147">
     <span class='ocr_line' id='line_1_38' title="bbox 378 3037 2673 3090; baseline -0 -11"><span class='ocrx_word' id='word_1_448' title='bbox 378 3043 462 3079; x_wconf 85' lang='lat' dir='ltr'><strong>Non</strong></span> <span class='ocrx_word' id='word_1_449' title='bbox 486 3044 580 3079; x_wconf 87' lang='lat' dir='ltr'><strong>bene</strong></span> <span class='ocrx_word' id='word_1_450' title='bbox 598 3044 802 3090; x_wconf 86' lang='lat' dir='ltr'><strong>junctarum</strong></span> <span class='ocrx_word' id='word_1_451' title='bbox 826 3045 1008 3079; x_wconf 88' lang='lat' dir='ltr'><strong>discordia</strong></span> <span class='ocrx_word' id='word_1_452' title='bbox 1029 3055 1161 3080; x_wconf 88' lang='lat' dir='ltr'><strong>rerum.</strong></span> <span class='ocrx_word' id='word_1_453' title='bbox 1187 3047 1238 3089; x_wconf 90' lang='lat' dir='ltr'><strong>(v.</strong></span> <span class='ocrx_word' id='word_1_454' title='bbox 1262 3046 1284 3080; x_wconf 91' lang='lat'>5</span> <span class='ocrx_word' id='word_1_455' title='bbox 1307 3063 1353 3071; x_wconf 88' lang='lat'><strong>—-</strong></span> <span class='ocrx_word' id='word_1_456' title='bbox 1374 3043 1425 3088; x_wconf 85' lang='grc'><strong>9).</strong></span> <span class='ocrx_word' id='word_1_457' title='bbox 1527 3043 1745 3088; x_wconf 82' lang='lat' dir='ltr'><strong>congeriem</strong></span> <span class='ocrx_word' id='word_1_458' title='bbox 1757 3043 1872 3077; x_wconf 87' lang='lat' dir='ltr'><strong>secuit</strong></span> <span class='ocrx_word' id='word_1_459' title='bbox 1882 3047 2090 3086; x_wconf 89' lang='lat' dir='ltr'><strong>sectamque</strong></span> <span class='ocrx_word' id='word_1_460' title='bbox 2103 3041 2137 3074; x_wconf 92' lang='lat' dir='ltr'><strong>in</strong></span> <span class='ocrx_word' id='word_1_461' title='bbox 2151 3039 2309 3074; x_wconf 83' lang='lat' dir='ltr'><strong>membra</strong></span> <span class='ocrx_word' id='word_1_462' title='bbox 2320 3037 2673 3085; x_wconf 77' lang='lat' dir='ltr'><strong>redegit.(v.a2·33).</strong></span> 
     </span>
     <span class='ocr_line' id='line_1_39' title="bbox 423 3095 2658 3147; baseline -0.002 -9"><span class='ocrx_word' id='word_1_463' title='bbox 423 3100 576 3147; x_wconf 70' lang='lat' dir='ltr'><strong>Quaque</strong></span> <span class='ocrx_word' id='word_1_464' title='bbox 600 3101 665 3136; x_wconf 83' lang='lat' dir='ltr'><strong>fuit</strong></span> <span class='ocrx_word' id='word_1_465' title='bbox 688 3102 809 3143; x_wconf 83' lang='lat' dir='ltr'><strong>tellus,</strong></span> <span class='ocrx_word' id='word_1_466' title='bbox 833 3101 1002 3137; x_wconf 87' lang='lat' dir='ltr'><strong>innabilis</strong></span> <span class='ocrx_word' id='word_1_467' title='bbox 1026 3101 1133 3145; x_wconf 79' lang='lat' dir='ltr'><strong>unda,</strong></span> <span class='ocrx_word' id='word_1_468' title='bbox 1570 3099 1673 3135; x_wconf 86' lang='lat' dir='ltr'><strong>Haec</strong></span> <span class='ocrx_word' id='word_1_469' title='bbox 1695 3111 1805 3147; x_wconf 90' lang='lat' dir='ltr'><strong>super</strong></span> <span class='ocrx_word' id='word_1_470' title='bbox 1827 3099 1996 3146; x_wconf 78' lang='lat' dir='ltr'><strong>imposuit</strong></span> <span class='ocrx_word' id='word_1_471' title='bbox 2019 3096 2186 3143; x_wconf 87' lang='lat' dir='ltr'><strong>liquidum</strong></span> <span class='ocrx_word' id='word_1_472' title='bbox 2211 3101 2248 3131; x_wconf 90' lang='lat' dir='ltr'><strong>et</strong></span> <span class='ocrx_word' id='word_1_473' title='bbox 2270 3095 2449 3142; x_wconf 82' lang='lat' dir='ltr'><strong>gravitate</strong></span> <span class='ocrx_word' id='word_1_474' title='bbox 2472 3103 2658 3134; x_wconf 83' lang='lat' dir='ltr'><strong>carentem</strong></span> 
     </span>
    </p>

    <p class='ocr_par' dir='ltr' id='par_1_15' title="bbox 377 3153 2675 3204">
     <span class='ocr_line' id='line_1_40' title="bbox 377 3153 2675 3204; baseline -0.001 -10"><span class='ocrx_word' id='word_1_475' title='bbox 377 3157 485 3195; x_wconf 87' lang='lat' dir='ltr'><strong>Lucis</strong></span> <span class='ocrx_word' id='word_1_476' title='bbox 510 3169 623 3204; x_wconf 82' lang='lat' dir='ltr'><strong>egens</strong></span> <span class='ocrx_word' id='word_1_477' title='bbox 648 3160 729 3203; x_wconf 76' lang='lat' dir='ltr'><strong>a&#39;e&#39;r3</strong></span> <span class='ocrx_word' id='word_1_478' title='bbox 753 3158 840 3194; x_wconf 89' lang='lat' dir='ltr'><strong>nulli</strong></span> <span class='ocrx_word' id='word_1_479' title='bbox 863 3168 930 3194; x_wconf 85' lang='lat' dir='ltr'><strong>sua</strong></span> <span class='ocrx_word' id='word_1_480' title='bbox 952 3157 1070 3194; x_wconf 79' lang='lat' dir='ltr'><strong>forma</strong></span> <span class='ocrx_word' id='word_1_481' title='bbox 1093 3159 1278 3202; x_wconf 85' lang='lat' dir='ltr'><strong>manebat3</strong></span> <span class='ocrx_word' id='word_1_482' title='bbox 1525 3156 1686 3192; x_wconf 84' lang='lat' dir='ltr'><strong>Aethera</strong></span> <span class='ocrx_word' id='word_1_483' title='bbox 1696 3168 1766 3192; x_wconf 89' lang='lat' dir='ltr'><strong>nee</strong></span> <span class='ocrx_word' id='word_1_484' title='bbox 1778 3156 1971 3202; x_wconf 81' lang='lat' dir='ltr'><strong>quidquam</strong></span> <span class='ocrx_word' id='word_1_485' title='bbox 1984 3162 2147 3189; x_wconf 84' lang='lat' dir='ltr'><strong>terrenae</strong></span> <span class='ocrx_word' id='word_1_486' title='bbox 2156 3153 2267 3187; x_wconf 82' lang='lat' dir='ltr'><strong>faecis</strong></span> <span class='ocrx_word' id='word_1_487' title='bbox 2279 3153 2675 3200; x_wconf 69' lang='lat' dir='ltr'><strong>habentem.(v.67-68).</strong></span> 
     </span>
    </p>

    <p class='ocr_par' dir='ltr' id='par_1_16' title="bbox 377 3209 2554 3261">
     <span class='ocr_line' id='line_1_41' title="bbox 377 3209 2554 3261; baseline -0.001 -11"><span class='ocrx_word' id='word_1_488' title='bbox 377 3213 627 3260; x_wconf 82' lang='lat' dir='ltr'><strong>obstabatque</strong></span> <span class='ocrx_word' id='word_1_489' title='bbox 652 3215 730 3250; x_wconf 89' lang='lat' dir='ltr'><strong>aliis</strong></span> <span class='ocrx_word' id='word_1_490' title='bbox 755 3215 868 3250; x_wconf 87' lang='lat' dir='ltr'><strong>aliud:</strong></span> <span class='ocrx_word' id='word_1_491' title='bbox 894 3215 978 3260; x_wconf 85' lang='lat' dir='ltr'><strong>quia</strong></span> <span class='ocrx_word' id='word_1_492' title='bbox 1002 3226 1156 3261; x_wconf 87' lang='lat' dir='ltr'><strong>corpore</strong></span> <span class='ocrx_word' id='word_1_493' title='bbox 1181 3216 1217 3250; x_wconf 88' lang='lat' dir='ltr'><strong>in</strong></span> <span class='ocrx_word' id='word_1_494' title='bbox 1241 3226 1314 3250; x_wconf 90' lang='lat' dir='ltr'><strong>uno</strong></span> <span class='ocrx_word' id='word_1_495' title='bbox 1570 3212 1686 3248; x_wconf 88' lang='lat' dir='ltr'><strong>Natus</strong></span> <span class='ocrx_word' id='word_1_496' title='bbox 1710 3214 1818 3248; x_wconf 87' lang='lat' dir='ltr'><strong>homo</strong></span> <span class='ocrx_word' id='word_1_497' title='bbox 1843 3220 1914 3255; x_wconf 84' lang='lat' dir='ltr'><strong>est,</strong></span> <span class='ocrx_word' id='word_1_498' title='bbox 1938 3214 2016 3247; x_wconf 88' lang='lat' dir='ltr'><strong>sive</strong></span> <span class='ocrx_word' id='word_1_499' title='bbox 2039 3211 2132 3246; x_wconf 90' lang='lat' dir='ltr'><strong>hunc</strong></span> <span class='ocrx_word' id='word_1_500' title='bbox 2156 3209 2278 3246; x_wconf 86' lang='lat' dir='ltr'><strong>divino</strong></span> <span class='ocrx_word' id='word_1_501' title='bbox 2301 3210 2441 3245; x_wconf 88' lang='lat' dir='ltr'><strong>semine</strong></span> <span class='ocrx_word' id='word_1_502' title='bbox 2466 3209 2554 3247; x_wconf 84' lang='lat' dir='ltr'><strong>fecit</strong></span> 
     </span>
    </p>

    <p class='ocr_par' dir='ltr' id='par_1_17' title="bbox 377 3267 2363 3318">
     <span class='ocr_line' id='line_1_42' title="bbox 377 3267 2363 3318; baseline -0.002 -14"><span class='ocrx_word' id='word_1_503' title='bbox 377 3269 521 3316; x_wconf 86' lang='lat' dir='ltr'><strong>Frigida</strong></span> <span class='ocrx_word' id='word_1_504' title='bbox 542 3270 751 3318; x_wconf 84' lang='lat' dir='ltr'><strong>pugnabant</strong></span> <span class='ocrx_word' id='word_1_505' title='bbox 774 3271 915 3313; x_wconf 87' lang='lat' dir='ltr'><strong>calidis,</strong></span> <span class='ocrx_word' id='word_1_506' title='bbox 940 3270 1124 3305; x_wconf 86' lang='lat' dir='ltr'><strong>humantia</strong></span> <span class='ocrx_word' id='word_1_507' title='bbox 1146 3271 1263 3313; x_wconf 89' lang='lat' dir='ltr'><strong>siccis,</strong></span> <span class='ocrx_word' id='word_1_508' title='bbox 1525 3269 1590 3305; x_wconf 89' lang='lat' dir='ltr'><strong>llle</strong></span> <span class='ocrx_word' id='word_1_509' title='bbox 1614 3270 1741 3317; x_wconf 81' lang='lat' dir='ltr'><strong>opifex</strong></span> <span class='ocrx_word' id='word_1_510' title='bbox 1763 3281 1895 3311; x_wconf 86' lang='lat' dir='ltr'><strong>rerum,</strong></span> <span class='ocrx_word' id='word_1_511' title='bbox 1919 3268 2038 3303; x_wconf 88' lang='lat' dir='ltr'><strong>mundi</strong></span> <span class='ocrx_word' id='word_1_512' title='bbox 2062 3267 2220 3301; x_wconf 85' lang='lat' dir='ltr'><strong>melioris</strong></span> <span class='ocrx_word' id='word_1_513' title='bbox 2244 3267 2363 3312; x_wconf 85' lang='lat' dir='ltr'><strong>origo,</strong></span> 
     </span>
    </p>

    <p class='ocr_par' dir='ltr' id='par_1_18' title="bbox 376 3323 2448 3375">
     <span class='ocr_line' id='line_1_43' title="bbox 376 3323 2448 3375; baseline -0.001 -14"><span class='ocrx_word' id='word_1_514' title='bbox 376 3325 506 3363; x_wconf 86' lang='lat' dir='ltr'><strong>Mollia</strong></span> <span class='ocrx_word' id='word_1_515' title='bbox 529 3340 609 3363; x_wconf 89' lang='lat' dir='ltr'><strong>cum</strong></span> <span class='ocrx_word' id='word_1_516' title='bbox 633 3327 746 3370; x_wconf 84' lang='lat' dir='ltr'><strong>duris,</strong></span> <span class='ocrx_word' id='word_1_517' title='bbox 772 3328 851 3364; x_wconf 86' lang='lat' dir='ltr'><strong>sine</strong></span> <span class='ocrx_word' id='word_1_518' title='bbox 875 3327 1038 3375; x_wconf 87' lang='lat' dir='ltr'><strong>pondere</strong></span> <span class='ocrx_word' id='word_1_519' title='bbox 1062 3327 1234 3363; x_wconf 86' lang='lat' dir='ltr'><strong>habentia</strong></span> <span class='ocrx_word' id='word_1_520' title='bbox 1255 3327 1410 3375; x_wconf 81' lang='lat' dir='ltr'><strong>pondus,</strong></span> <span class='ocrx_word' id='word_1_521' title='bbox 1526 3327 1613 3362; x_wconf 85' lang='lat' dir='ltr'><strong>Sive</strong></span> <span class='ocrx_word' id='word_1_522' title='bbox 1636 3338 1765 3363; x_wconf 82' lang='lat' dir='ltr'><strong>recens</strong></span> <span class='ocrx_word' id='word_1_523' title='bbox 1789 3326 1893 3363; x_wconf 88' lang='lat' dir='ltr'><strong>tellus</strong></span> <span class='ocrx_word' id='word_1_524' title='bbox 1915 3323 2137 3370; x_wconf 84' lang='lat' dir='ltr'><strong>seductaque</strong></span> <span class='ocrx_word' id='word_1_525' title='bbox 2160 3334 2277 3372; x_wconf 87' lang='lat' dir='ltr'><strong>nuper</strong></span> <span class='ocrx_word' id='word_1_526' title='bbox 2300 3323 2347 3360; x_wconf 86' lang='lat' dir='ltr'><strong>ab</strong></span> <span class='ocrx_word' id='word_1_527' title='bbox 2373 3323 2448 3360; x_wconf 88' lang='lat' dir='ltr'><strong>alto</strong></span> 
     </span>
    </p>
   </div>
   <div class='ocr_carea' id='block_1_7' title="bbox 958 3381 2382 3475">
    <p class='ocr_par' dir='ltr' id='par_1_19' title="bbox 958 3381 2382 3475">
     <span class='ocr_line' id='line_1_44' title="bbox 958 3381 2382 3475; baseline -0.004 -55"><span class='ocrx_word' id='word_1_528' title='bbox 958 3384 1118 3421; x_wconf 87' lang='lat' dir='ltr'><strong>Aethere</strong></span> <span class='ocrx_word' id='word_1_529' title='bbox 1143 3385 1287 3432; x_wconf 84' lang='lat' dir='ltr'><strong>cognati</strong></span> <span class='ocrx_word' id='word_1_530' title='bbox 1309 3384 1488 3422; x_wconf 88' lang='lat' dir='ltr'><strong>retinebat</strong></span> <span class='ocrx_word' id='word_1_531' title='bbox 1509 3385 1649 3421; x_wconf 87' lang='lat' dir='ltr'><strong>semina</strong></span> <span class='ocrx_word' id='word_1_532' title='bbox 1672 3384 1778 3421; x_wconf 81' lang='lat' dir='ltr'><strong>coeli.</strong></span> <span class='ocrx_word' id='word_1_533' title='bbox 1805 3386 1856 3430; x_wconf 87' lang='lat' dir='ltr'><strong>(v.</strong></span> <span class='ocrx_word' id='word_1_534' title='bbox 1883 3383 1925 3418; x_wconf 83' lang='lat'><strong>78</strong></span> <span class='ocrx_word' id='word_1_535' title='bbox 1948 3401 1993 3409; x_wconf 95' lang='lat'><strong>--</strong></span> <span class='ocrx_word' id='word_1_536' title='bbox 2015 3381 2087 3427; x_wconf 81' lang='grc'><strong>81).</strong></span> <span class='ocrx_word' id='word_1_537' title='bbox 2359 3438 2382 3475; x_wconf 78' lang='lat'><strong>2</strong></span> 
     </span>
    </p>
   </div>
  </div>
 </body>
</html>
