3117 3854
1263 156 1685 214 Ἀννῖθπεκ

251 299 366 344 quae
395 286 452 329 de
481 283 803 328 coeloterram
829 280 1106 337 immigrant-it,
1135 286 1180 325 et
1198 293 1400 335 corpore,
1430 279 1549 337 quod
1569 294 1594 324 e
1613 286 1733 325 terra
1761 287 1832 324 est
1857 281 2059 339 reditque
2088 282 2146 324 ad
2174 288 2355 327 terram:
2382 294 2477 325 non
2502 281 2551 325 in
2577 281 2689 327 Cor·

249 381 361 423 pore
388 371 524 422 poeta
550 361 755 421 perhibet
783 374 1000 404 summum
1027 360 1193 404 bonum
1221 373 1325 405 esse
1354 364 1399 404 et
1425 358 1471 403 in
1498 359 1653 413 rebus,
1682 373 1798 418 quae
1827 367 1931 406 sunt
1958 367 2174 416 terrenae,
2202 361 2325 407 velut
2351 361 2398 407 in
2426 361 2607 419 opibus,
2641 361 2689 406 iu

249 444 497 503 imperandi
524 448 765 501 potestate,
802 440 848 483 in
875 439 1137 494 honoribus,
1174 439 1220 482 in
1250 439 1452 498 corporis
1479 438 1623 484 forma
1649 453 1705 484 ac
1731 440 1915 494 robore,
1950 441 2032 485 sed
2058 441 2105 484 in
2132 442 2300 496 Mente,
2330 457 2462 501 quam
2488 441 2690 500 ingenuit

250 524 419 570 Aether
448 524 641 575 divinus3
670 534 817 579 neque
847 519 1008 565 divitiis
1036 519 1111 564 vel
1136 518 1275 564 nobili
1303 534 1469 578 genere
1498 526 1654 564 censet
1680 520 1946 565 metiendam
1974 535 2077 565 esse
2105 520 2329 566 hominum
2356 521 2688 579 praestantiam,

252 606 336 650 sed
364 604 475 649 solis
503 601 664 648 mentis
692 600 927 645 virtutibus
956 614 1109 644 eorum
1136 598 1313 643 laudem
1341 598 1461 644 effici
1490 607 1534 644 et
1563 599 1829 657 dignitatem.
1878 600 2081 658 Corpore
2108 601 2227 645 enim
2253 615 2309 646 ac
2335 615 2503 659 genere
2530 614 2688 646 omnes

207 712 225 727 .-
251 698 404 728 sumus
431 696 568 740 pares
595 681 711 725 inter
737 694 844 733 nos,
873 680 1036 737 quippe
1064 681 1140 737 qui
1168 693 1322 724 omnes
1351 694 1377 724 e
1407 687 1538 732 terra,
1568 681 1788 723 communi
1815 682 1958 736 patria
1995 686 2041 734 ¹),
2071 680 2261 737 profecti
2288 681 2427 724 simus
2453 681 2513 724 ab
2542 680 2686 732 inido3

250 765 309 808 ab
338 769 438 806 ortu
464 760 633 805 nullum
662 759 899 803 discrimen
928 759 1043 802 inter
1070 772 1293 816 pauperes
1322 766 1366 802 et
1396 759 1574 811 divites,
1611 759 1726 803 iuter
1754 772 1913 803 servos
1943 767 1986 803 et
2013 760 2251 816 ingenuos,
2285 759 2400 803 inter
2434 759 2611 816 spurios
2640 765 2688 802 et

252 841 493 900 genuinos,
523 841 606 884 sed
634 839 846 896 temporis
874 838 1193 896 longinquitate
1218 836 1384 882 factum
1411 845 1499 891 est,
1536 845 1584 881 ut
1611 837 1697 882 hae
1734 838 2012 882 exorirentur
2041 838 2420 882 dissimilitudines
2446 838 2685 896 variaeque

250 920 387 964 sortis
413 918 596 963 formae.
631 918 703 962 Ab
731 918 819 962 hoc
848 918 980 974 igitur
1008 931 1195 973 corpore
1216 923 1260 961 et
1287 915 1403 960 facie
1433 931 1531 959 cum
1559 931 1649 960 non
1677 918 1872 974 pendeat
1899 917 2123 961 hominum
2142 918 2409 962 excellentia
2436 915 2510 961 vel
2527 930 2558 959 a
2577 917 2687 960 divi-

249 1001 324 1043 tiis
353 1007 398 1042 et
426 999 664 1054 opulentia,
694 999 842 1041 omnia
869 997 1016 1054 posita
1044 1005 1147 1040 sunt
1173 996 1220 1039 in
1238 994 1402 1049 Mente,
1432 995 1559 1052 cujus
1586 995 1771 1040 virtutes
1800 995 2074 1053 pertinentes
2102 995 2204 1042 illae
2232 1012 2323 1041 nou
2349 997 2410 1042 ad
2437 995 2556 1041 vitae
2584 995 2686 1040 bre·

249 1078 432 1122 vitatem
459 1084 646 1129 tantum,
682 1078 764 1121 sed
798 1077 858 1120 ad
896 1090 1069 1121 omnem
1096 1075 1400 1120 aeternitatem
1429 1074 1605 1132 corpori
1631 1074 1766 1133 longe
1793 1075 2067 1120 antecellunt
2095 1084 2139 1120 et
2173 1076 2218 1119 in
2247 1091 2334 1134 qua
2362 1075 2461 1120 sola
2489 1074 2688 1120 cernitur

249 1157 459 1198 nobilitas
495 1156 719 1198 hominum
752 1170 808 1198 ac
843 1155 1051 1210 dignitas3
1088 1163 1137 1198 ut
1165 1155 1351 1210 quisque
1379 1161 1526 1198 mente
1554 1156 1742 1199 maxime
1779 1163 1995 1211 praestet,
2033 1156 2097 1199 ita
2131 1155 2427 1211 philosophus
2456 1155 2687 1199 confirmat

250 1250 355 1277 esse
384 1236 725 1286 nobilissimum3
764 1237 839 1291 qui
873 1237 1071 1291 integros
1100 1250 1150 1278 se
1180 1242 1420 1290 castosque
1450 1243 1630 1277 servent
1656 1242 1942 1291 naturamque
1979 1233 2200 1278 retineant
2235 1231 2477 1278 coelestem
2510 1231 2558 1277 in
2585 1246 2685 1277 cor·

249 1315 435 1371 poribus
465 1315 597 1357 etiam
625 1315 835 1367 terrenis,
863 1315 934 1357 his
963 1316 1023 1357 ad
1049 1314 1171 1357 illum
1200 1329 1397 1371 quoque,
1427 1329 1456 1356 a
1486 1329 1573 1370 quo
1601 1312 1793 1369 profecti
1820 1316 1927 1367 sint,
1964 1315 2164 1359 Aethera
2191 1317 2379 1359 reditum
2406 1321 2558 1370 patere
2586 1311 2686 1370 pul·

253 1395 519 1437 chen-imum
548 1402 592 1437 et
626 1396 816 1438 maxime
851 1395 1113 1452 gloriosum3
1143 1394 1279 1437 vitam
1311 1394 1471 1437 mentis
1499 1394 1734 1437 virtutibus
1764 1393 1984 1449 expletam
2012 1395 2087 1451 qui
2124 1403 2354 1452 expetant,
2391 1410 2473 1438 eos
2511 1408 2611 1437 cum
2638 1393 2685 1435 in

248 1473 341 1516 vita
368 1479 461 1516 tum
479 1475 536 1516 ad
556 1473 753 1517 Aethera
780 1474 986 1529 relapsos
1015 1476 1072 1517 ab
1103 1475 1221 1515 omni
1249 1480 1375 1529 parte
1405 1475 1596 1516 evadere
1624 1473 1796 1517 felices.
1835 1474 1883 1515 ln
1910 1474 1995 1516 has
2020 1489 2095 1517 res
2125 1489 2280 1519 omnes
2308 1489 2399 1518 non
2418 1473 2589 1530 pigebit
2616 1473 2684 1516 in-

213 1588 216 1592 .
251 1552 458 1608 spexisse
487 1561 533 1594 et
561 1552 805 1595 contulisse
824 1553 937 1596 inter
957 1569 1007 1595 se
1035 1552 1235 1608 plurima,
1265 1568 1379 1609 quae
1407 1551 1495 1595 huc
1525 1560 1731 1609 spectare
1748 1551 1952 1596 videntur
1972 1553 2207 1597 enuntiata.

451 1630 631 1688 Antiop.
660 1631 714 1676 fr.
744 1632 877 1676 XXX
905 1640 950 1676 et
976 1632 1139 1675 XXXI.
1667 1631 1806 1675 Elect.
1837 1646 1878 1675 v.
1907 1630 2005 1675 253.

317 1709 368 1754 τὸ
398 1707 438 1754 δ’
473 1706 663 1763 ἀσθενές
690 1729 777 1768 μου
806 1711 881 1756 καὶ
909 1711 959 1756 τὸ
991 1713 1111 1769 θῆλυ
1142 1708 1346 1768 σώματος
1536 1711 1668 1770 πένης
1697 1708 1808 1772 ἀνὴρ
1837 1716 2045 1770 γενναῖος,
2075 1710 2142 1765 εἴς
2171 1709 2208 1756 τ’
2242 1708 2310 1769 ἔμ’
2345 1707 2541 1769 εὐσεβής.

1835 1808 1877 1835 v.
1907 1792 2004 1837 364.

1866 1870 1941 1916 καὶ
1969 1871 2068 1931 γὰρ,
2100 1868 2139 1915 εἶ
2167 1869 2302 1929 πένης
2329 1867 2450 1930 ἔφυν,

1536 1944 1659 1994 οὔτοι
1687 1946 1782 2007 τόγ’
1815 1945 1934 2007 ἦθος
1963 1950 2162 2006 δυσγενὲς
2191 1948 2454 2009 παρέξομαι.

1833 2046 1875 2074 v.
1905 2028 2002 2075 371.

1534 2106 1662 2166 λιμόν
1689 2105 1729 2155 τ’
1762 2108 1808 2156 ἐν
1837 2105 1998 2170 ἀνδρὸς
2027 2106 2243 2156 πλουσίου
2273 2104 2538 2169 φρονήματι,

1535 2186 1706 2249 γνώμην
1734 2207 1781 2234 τε
1809 2186 2002 2249 μεγάλην
2030 2189 2076 2235 ἕν
2104 2187 2258 2246 πένητι
2287 2184 2471 2245 σώματι.

1832 2283 1873 2312 v.
1904 2267 1999 2312 426.

315 1793 462 1843 κακῶς
490 1790 741 1851 ἐμέμφθης·
771 1790 845 1835 καὶ
873 1791 971 1850 γὰρ,
1001 1788 1041 1835 εἰ
1070 1794 1248 1851 φρονεῖν
1277 1788 1375 1846 ἔχω,

317 1872 518 1928 κρεῖσσον
544 1867 638 1914 τόδ’
671 1869 764 1914 ἐστὶ
792 1873 1006 1929 καρτεροῦ
1034 1868 1280 1929 βραχίονος.

315 1945 466 2005 γνώμῃ
495 1948 578 2008 γὰρ
608 1945 766 2008 ἀνδρὸς
794 1945 843 1992 εὗ
871 1948 951 2004 μὲν
980 1946 1203 1993 οἰκοῦνται
1232 1946 1398 2001 πόλεις,

318 2022 367 2071 εὖ
397 2024 440 2071 δ’
470 2022 603 2080 οἶκος·
634 2025 700 2080 εἵς
727 2024 768 2072 τ’
794 2023 849 2072 αὖ
878 2024 1077 2085 πόλεμον
1104 2025 1244 2084 ἶσχὺει
1272 2027 1399 2086 μέγα.

317 2105 460 2166 σοφὸν
489 2106 572 2167 γὰρ
601 2103 647 2151 ἓν
674 2104 900 2162 βούλευμα
928 2107 1008 2160 τὰς
1036 2107 1208 2161 πολλὰς
1232 2107 1365 2167 χέρας

315 2189 428 2245 νικᾷ·
459 2186 537 2230 σὺν
566 2182 681 2245 ἷίχλῳ
711 2183 751 2230 δ’
785 2183 965 2243 ἀμαθία
995 2187 1201 2233 πλεῖστον
1228 2185 1374 2233 κακόν.

451 2265 610 2309 Incert.
641 2272 752 2322 trag.
782 2264 835 2309 fr.
864 2265 934 2310 LI.

316 2341 511 2395 Νεανίας
539 2343 622 2403 γὰρ
652 2342 775 2396 ὅστις
805 2341 864 2388 ὢν
879 2339 993 2403 ’.Ἀρη
1023 2348 1179 2401 στυγεῖ,

315 2420 429 2481 κόμη
457 2419 592 2479 μόνον
620 2421 695 2467 καὶ
724 2419 893 2482 σάρκες,
924 2420 1030 2482 ἔργα
1060 2419 1102 2467 δ’
1136 2419 1349 2479 οὐδαμοῦ.

316 2498 427 2562 ὁρᾷς
454 2501 530 2546 τὸν
559 2498 837 2561 εὐτράπεζον,
869 2499 930 2554 ὡς
957 2499 1065 2559 ἡδὺς
1092 2500 1204 2558 βίος,

315 2579 343 2626 ὅ
371 2577 412 2626 τ’
446 2576 580 2638 ὄλβος
607 2578 777 2635 ἔξωθέν
805 2579 872 2634 τίς
899 2580 993 2627 ἐστι
1020 2579 1303 2642 πραγμάτων.

316 2656 416 2705 ἀλλ’
450 2657 528 2705 οὐκ
557 2658 698 2707 ἔνεστι
727 2660 955 2720 στέφανος,
986 2657 1080 2707 οὐδ’
1114 2657 1333 2722 εὐανδρία,

315 2737 356 2784 εἶ
380 2737 443 2798 μή
473 2759 517 2784 τι
543 2739 620 2785 καὶ
647 2741 844 2797 τολμῶσι
872 2737 1071 2803 κινδύνου
1099 2740 1224 2797 μέτα.

315 2817 361 2865 οἱ
388 2820 471 2880 γὰρ
501 2817 633 2866 πόνοι
660 2818 856 2867 τίκτουσι
883 2821 961 2879 τὴν
989 2817 1232 2882 εὐανδρίαν,

315 2896 344 2958 ἦ
376 2896 417 2945 δ’
450 2895 659 2957 εὐλάβεια
688 2897 844 2946 σκότον
872 2897 961 2956 ἔβῑει
987 2897 1099 2947 καθ’
1127 2897 1329 2955 Ἑλλάδα,

314 2977 364 3023 τὸ
394 2979 630 3037 διαβιῶναι
656 2976 791 3037 μόνον
820 2977 891 3026 ἆεὶ
918 2979 1169 3042 θηρωμένη.

326 3160 356 3205 ¹)
513 3160 644 3200 Phaet.
669 3160 715 3198 fr.
739 3161 839 3200 XIV.

381 3215 431 3257 ὡς
452 3218 639 3264 πανταχοῦ
664 3230 706 3263 γε
729 3220 857 3266 πατρὶς
879 3215 900 3261 ἡ
922 3215 1109 3262 βόσκουσα
1133 3219 1194 3264 γῆ·

519 3272 650 3310 Incert.
675 3279 767 3321 trag.
793 3274 838 3310 fr.
862 3272 1047 3309 xxxvu.

380 3325 477 3368 ἅπας
498 3330 570 3377 μὲν
592 3329 663 3379 ἀὴρ
685 3328 777 3376 ἀετῷ
801 3327 1015 3379 περάσιμος,

381 3382 508 3420 ἅπασα
532 3386 575 3421 δὲ
594 3386 703 3433 χθὼν
725 3386 835 3438 ἀνδρὶ
857 3390 1014 3433 γενναίῳ
1037 3389 1177 3435 πατρίς.

1533 2347 1578 2392 ἐν
1607 2351 1700 2399 τοῖς
1727 2344 1947 2398 τοιούτοις
1975 2344 2018 2392 δ’
2052 2343 2166 2404 ἡνίκ’
2199 2342 2252 2391 ὂν
2290 2344 2436 2405 γνώμη
2465 2344 2612 2400 πέσοι,

1532 2428 1686 2470 σκοπῶ
1715 2425 1769 2469 τὰ
1793 2421 2011 2485 χρήμαθ’,
2043 2422 2104 2477 ὡς
2132 2422 2221 2480 ἔχει
2247 2423 2360 2483 μέγα
2389 2422 2565 2478 σθένος,

1534 2503 1672 2557 ξένοις
1700 2520 1747 2547 τε
1777 2505 1945 2563 δοῦναι,
1976 2500 2105 2560 σῶμά
2134 2500 2175 2546 τ’
2209 2500 2272 2555 εἷς
2299 2500 2428 2547 νόσον
2457 2502 2596 2548 πεσὸν

1533 2580 1777 2629 δαπάναισι
1805 2585 1960 2629 σῶσαι·
1990 2579 2117 2641 τῆσδ’
2152 2578 2227 2642 ἐφ’
2261 2578 2430 2643 ἡμέραν
2454 2584 2596 2640 βορᾶς

1533 2658 1595 2715 εἷς
1622 2660 1778 2722 μικρὸν
1807 2659 1917 2721 ἥκει·
1949 2663 2040 2716 πᾶς
2069 2661 2151 2722 γὰρ
2180 2660 2456 2722 ἐμπλησθεὶς
2481 2657 2593 2722 ἀνὴρ

1532 2736 1558 2786 ὁ
1590 2737 1805 2794 πλούσιός
1833 2759 1903 2800 γε,
1930 2737 1995 2797 χώ
2025 2739 2179 2801 πένης,
2208 2737 2307 2788 ἴσον
2330 2738 2477 2802 «φέρει.

1831 2836 1874 2866 v.
1903 2820 2002 2867 939.

1532 2894 1677 2958 ηῗὶχεις
1705 2917 1772 2954 τις
1802 2895 1935 2956 εἶναι,
1965 2904 2082 2947 τοῖσι
2106 2896 2300 2961 χρήμασι
2327 2897 2512 2944 σθένων·

1532 2980 1587 3026 τὰ
1617 2977 1657 3026 δ’
1691 2977 1832 3036 οὐδὲν,
1862 2979 1902 3027 εἰ
1927 2981 1989 3040 μὴ
2017 2981 2179 3042 βραχὺν
2207 2976 2419 3037 ὁμιλῆσαι
2442 2975 2616 3041 χρόνον.

1730 3163 1815 3199 Hel.
1838 3173 1876 3199 v.
1901 3162 1981 3198 915.

1603 3216 1727 3258 κοινός
1748 3216 1821 3266 γάρ
1844 3219 1942 3253 ἔστιν
1965 3216 2118 3264 οὐρανὸς
2140 3217 2232 3250 πᾶσι
2253 3219 2397 3263 βροτοῖς

1602 3275 1665 3309 καὶ
1687 3273 1764 3321 γαῖ’
1773 3299 1783 3317 ,
1807 3273 1847 3310 ἔν
1869 3266 1894 3321 ᾗ
1909 3271 1982 3320 χρὴ
2006 3269 2145 3319 δώματ’
2172 3269 2524 3320 ἀναπληρουμένους

1603 3328 1797 3380 τάλλότρια
1819 3329 1870 3378 μὴ
1885 3327 1991 3375 ”χειν,
2012 3326 2101 3376 μήδ’
2128 3325 2374 3377 ἂφαιρεΐσθαι
2393 3333 2470 3376 βίᾳ.

2390 3442 2414 3479 8
