3117 3854
622 503 1027 572 Ειιιὴιὶᾱὶε,
1065 502 1335 570 trag-ici
1369 504 1662 569 poetae,
1698 502 2157 570 philosophia

957 629 1151 683 quae
1187 619 1265 672 ct
1298 617 1537 681 qualis
1573 616 1821 671 fuerit.

304 817 498 906 Neque
526 854 646 891 terra
672 861 818 906 neque
848 849 1121 904 temporibus
1150 847 1402 892 faventibus
1432 848 1543 892 satis
1579 854 1755 891 constat
1781 847 2119 891 Atheniensium
2157 849 2354 904 origines
2394 856 2437 891 et
2465 850 2608 892 incre-

168 933 319 972 menta
347 927 509 970 diutius
539 934 629 973 tam
656 927 810 970 humili
837 926 939 970 loco
969 926 1123 979 fuisse,
1152 934 1212 979 ut,
1242 941 1329 984 qua
1357 933 1501 970 aetate
1532 926 1668 970 ceteri
1687 925 1862 979 Graeci,
1892 927 2155 982 praesertim
2182 926 2376 970 insulani
2403 941 2459 970 ac
2477 927 2607 971 mari·

169 1006 275 1059 timi,
295 1007 392 1064 jam
420 1006 532 1049 flore
561 1006 710 1062 aliquo
740 1006 987 1058 utebantur,
1018 1007 1175 1049 eadem
1196 1005 1495 1048 Athenienses
1525 1013 1734 1061 tanquam
1762 1005 1959 1048 tenebris
1988 1005 2173 1048 involuti
2201 1005 2392 1049 laterent
2422 1006 2607 1062 diesque

169 1091 356 1143 agerent
383 1084 460 1128 vix
497 1083 589 1128 ulla
627 1084 771 1127 ornati
810 1083 974 1141 gloria,
1013 1098 1098 1128 nec
1137 1083 1311 1128 bellicis
1347 1084 1553 1127 laudibus
1583 1084 1693 1130 clari
1730 1099 1815 1127 nec
1843 1092 2125 1140 praestantes
2159 1085 2403 1128 litterarum
2433 1085 2605 1127 studiis.

170 1164 347 1222 Quippe
375 1163 527 1221 inopia
556 1170 600 1207 et
627 1169 887 1221 paupertate
925 1177 1171 1221 oppressos
1200 1177 1389 1208 necesse
1428 1169 1524 1208 erat
1551 1162 1723 1208 incolas
1762 1178 1890 1209 arare
1920 1178 2056 1221 agros
2093 1165 2246 1209 aridos
2275 1172 2319 1209 et
2354 1178 2531 1209 macros
2557 1168 2604 1217 ¹),

167 1257 255 1287 nec
281 1245 404 1287 licuit
431 1245 488 1287 ab
519 1244 641 1286 initio
671 1251 945 1287 mercaturae
975 1243 1191 1288 beneficio
1228 1244 1444 1288 redimere
1473 1243 1547 1289 vel
1587 1256 1879 1301 compensare
1908 1257 2116 1301 agrorum
2155 1243 2430 1288 sterilitatem
2458 1243 2603 1288 istam.

167 1326 320 1376 Adde,
359 1325 479 1382 quod
506 1325 743 1365 maximam
771 1324 1016 1366 incolarum
1049 1330 1220 1380 partem
1257 1324 1303 1367 in
1341 1338 1424 1367 suo
1462 1337 1601 1381 regno
1642 1337 1697 1367 ac
1737 1323 1902 1367 ditione
1941 1323 2187 1367 diutissime
2223 1324 2433 1367 tenebant
2470 1323 2604 1378 pauci

168 1404 359 1461 patricii3
395 1403 467 1447 his
497 1403 608 1448 solis
637 1403 801 1447 aditum
830 1402 1028 1458 patuisse
1049 1403 1107 1446 ad
1135 1402 1320 1458 imperia
1348 1409 1392 1446 et
1420 1402 1726 1458 magistratus3
1757 1417 1899 1457 penes
1929 1418 2010 1445 eos
2039 1401 2180 1445 fuisse
2211 1418 2386 1444 omnem
2413 1404 2603 1444 auctori-

169 1488 304 1529 tatem
339 1482 576 1541 legumque
605 1481 1011 1539 interpretationem
1041 1482 1304 1538 scriptarum
1342 1497 1432 1526 non
1470 1482 1754 1537 scriptarum,
1794 1497 2022 1525 sacrarum
2060 1481 2363 1538 profanarum,
2401 1491 2449 1524 ut
2478 1484 2603 1525 cives

168 1575 276 1605 aere
303 1560 450 1604 alieno
481 1560 703 1618 obligatos
734 1562 1134 1617 certaminibusque
1163 1560 1331 1604 fractos
1356 1561 1576 1604 intestinis
1605 1575 1696 1603 non
1723 1562 1880 1603 mirum
1900 1563 1960 1603 sit‘
1985 1568 2049 1603 tot
2079 1562 2175 1604 dies
2205 1561 2479 1618 transegisse
2503 1561 2602 1604 sine

169 1639 315 1698 gloria
341 1654 397 1685 ac
409 1640 543 1684 laude
570 1655 718 1684 rerum
745 1640 976 1696 praeclare
996 1648 1234 1696 gestarum.
1284 1641 1466 1683 Scilicet
1494 1648 1585 1682 tum
1604 1643 1791 1692 demmn,
1821 1656 1920 1683 cum
1941 1640 2122 1683 Solonis
2152 1655 2207 1682 ac
2226 1640 2603 1682 Pisistratidarum

167 1719 348 1775 vigebat
376 1719 617 1761 auctoritas
647 1733 885 1776 eorumque
915 1726 1060 1762 mente
1091 1726 1134 1761 et
1164 1719 1351 1762 consilio
1382 1719 1505 1762 cives
1533 1721 1823 1777 regebantur,
1854 1720 2089 1762 universos
2120 1732 2274 1762 omnes
2305 1719 2601 1776 comperimus

169 1799 389 1841 communi
428 1800 618 1854 quodam
657 1799 802 1840 studio
843 1806 886 1841 et
922 1799 1138 1841 industria
1174 1814 1250 1841 res
1286 1798 1490 1854 publicas
1531 1801 1695 1841 sectari
1733 1800 2076 1856 complectique:
2125 1800 2396 1842 incrementa
2437 1812 2601 1856 capere

167 1878 371 1921 audimus
401 1885 520 1921 artes
550 1892 605 1920 ac
632 1877 816 1929 litteras,
845 1878 1126 1920 innotescere
1156 1879 1392 1934 magnique
1422 1879 1646 1921 aestimari
1674 1879 1854 1920 Homeri
1884 1879 2082 1920 carmina
2105 1882 2155 1931 2),
2186 1885 2460 1920 mercaturae
2490 1879 2598 1920 arri·

169 1957 276 2002 dere
306 1958 539 2002 commoda
568 1966 613 2000 et
630 1958 852 2009 utilitates,
883 1973 1067 2014 surgere
1085 1959 1385 2002 Athenienses
1413 1959 1613 2002 aemulos
1638 1959 1983 2016 Megarensibus
2014 1966 2057 2002 et
2075 1959 2309 2016 Aeginetis
2338 1959 2532 2002 finitimis
2547 1962 2598 2011 ³).

169 2037 287 2088 Quid
315 2037 480 2081 multa?
508 2036 618 2081 Mox
646 2037 755 2080 illud
785 2038 937 2089 extitit,
968 2054 1054 2094 quo
1085 2053 1240 2080 omnes
1271 2053 1384 2095 quae
1414 2040 1489 2079 diu
1518 2040 1864 2095 conquieverant
1890 2040 2010 2081 vires
2041 2039 2347 2080 excitabantur
2376 2038 2599 2096 totiusque

166 2116 321 2172 populi
348 2118 462 2160 adeo
492 2116 875 2159 inflammabantur
904 2118 1059 2168 animi,
1099 2125 1146 2158 ut
1175 2119 1232 2158 ab
1263 2118 1409 2159 infimo
1438 2117 1539 2159 loco
1568 2125 1750 2173 repente
1780 2117 2072 2159 eveherentur
2101 2118 2147 2158 in
2175 2130 2392 2159 summum
2420 2116 2598 2160 claritu-
2659 2098 2662 2101 .

168 2195 284 2238 dinis
312 2194 557 2252 fastigium3
592 2196 803 2239 victorias
835 2196 936 2238 dico
965 2196 1150 2239 navales
1181 2204 1438 2250 terrestres,
1469 2210 1580 2254 quas
1609 2184 1749 2253 parva
1777 2196 2123 2240 Atheniensium·
2142 2209 2300 2240 manus
2330 2196 2385 2240 de
2414 2195 2597 2252 opulen-

166 2277 338 2318 tissimo
366 2275 532 2330 populo
562 2275 635 2317 vel
664 2274 765 2317 sola
791 2282 1113 2330 reportaverat,
1148 2276 1222 2318 vel
1250 2277 1329 2327 ita,
1358 2283 1406 2317 ut
1433 2282 1588 2318 auctor
1618 2282 1740 2318 esset
1769 2276 1901 2318 etiam
1938 2274 2040 2318 aliis
2070 2273 2258 2318 Graecis
2287 2275 2515 2332 pugnandi
2542 2287 2599 2318 ac

165 2354 387 2399 vincendi.
446 2353 557 2396 Tum
586 2353 778 2411 gliscere
806 2369 954 2398 rerum
983 2369 1153 2398 summa
1180 2354 1384 2399 felicitas.
1443 2356 1557 2398 Nam
1585 2369 1686 2398 cum
1715 2369 1772 2398 ex
1801 2355 2040 2398 certamine
2069 2362 2157 2397 tam
2186 2355 2368 2410 ancipiti
2397 2368 2452 2397 ac
2479 2355 2596 2410 peri·

167 2434 324 2477 culoso
354 2434 505 2476 invicti
544 2425 816 2488 prodiissent
843 2435 1214 2492 victoriarumque
1243 2434 1392 2490 palma
1430 2442 1617 2490 accepta
1655 2435 1900 2476 communis
1937 2433 2154 2476 libertatis
2183 2434 2384 2477 vindices
2422 2446 2480 2476 ac
2517 2446 2596 2491 pa·

165 2513 283 2555 troni
320 2511 651 2555 celebrarentur
695 2528 777 2567 per
813 2528 987 2556 omnem
1026 2514 1279 2566 Graeciam,
1326 2528 1410 2555 sua
1448 2521 1607 2569 sponte
1641 2514 1925 2571 perspicuum
1959 2520 2050 2567 est,
2099 2520 2287 2570 quantus
2325 2513 2381 2556 iis
2419 2512 2596 2556 additus

164 2589 297 2634 fuerit
325 2592 506 2646 spiritus
527 2598 571 2633 et
589 2592 754 2647 ingenii
782 2593 922 2647 vigor.
961 2593 1061 2635 Jam
1090 2599 1332 2648 coeperunt
1360 2593 1506 2635 subito
1536 2593 1729 2634 omnium
1748 2593 1834 2635 sibi
1852 2606 1998 2635 rerum
2017 2591 2351 2648 praeclararum
2379 2591 2597 2635 culturam

165 2682 447 2725 comparare,
478 2670 782 2714 circumfluere
810 2672 1114 2713 manubiarum
1137 2672 1315 2727 opibus,
1344 2671 1506 2714 florere
1534 2672 1817 2729 navigatione
1843 2678 1888 2714 et
1916 2671 2211 2723 commerciis,
2241 2671 2301 2713 ad
2329 2671 2593 2714 urbanitatis

164 2749 484 2805 praestantiam
513 2748 675 2795 adduci
703 2763 732 2792 a
759 2750 850 2792 vita
879 2752 1068 2808 quadam
1095 2751 1322 2794 incondita
1351 2759 1396 2795 et
1423 2751 1610 2810 agresti,
1655 2750 1845 2794 nominis
1875 2751 1945 2794 sui
1974 2750 2213 2807 splendore
2243 2749 2467 2807 complere
2502 2763 2595 2794 non

164 2819 354 2885 patriam
382 2828 548 2883 solum,
586 2844 740 2874 verum
768 2837 911 2874 terras
939 2839 1134 2875 remotas
1165 2840 1219 2874 et·
1235 2832 1509 2888 peregrinas.
1574 2832 1689 2875 Mira
1717 2845 1772 2874 ac
1799 2830 1973 2874 semida
2002 2844 2117 2888 quae
2145 2831 2317 2873 animos
2346 2844 2465 2873 nunc
2492 2844 2594 2887 per-

235 2989 264 3033 ¹)
296 2987 457 3036 Thucyd.
483 2989 510 3025 1.
536 2989 571 3025 2.
589 3010 634 3016 ——
656 2989 777 3025 Strab.
804 2989 867 3026 lx.
893 2989 971 3025 602.
999 2990 1039 3026 C.

234 3045 265 3101 ἐ)
297 3056 372 3092 Cic.
398 3056 444 3092 de
469 3055 567 3093 Orat.
593 3057 617 3093 1.
643 3056 699 3093 lll.
725 3058 760 3100 S.
789 3057 866 3093 137.
914 3057 996 3104 lpse
1018 3058 1230 3094 Pisistratus
1252 3060 1387 3105 primus
1405 3058 1554 3094 Homeri
1577 3058 1702 3101 libros,
1726 3057 1899 3094 confusos
1924 3064 2043 3101 antea,
2070 3059 2121 3093 sic
2146 3057 2367 3104 disposuisse
2391 3056 2532 3101 dicitur,
2557 3063 2597 3092 ut

299 3124 395 3149 nunc
418 3113 606 3150 habemus.
2516 3131 2519 3133 ·

233 3180 267 3226 ³)
297 3181 436 3219 Herod.
462 3182 508 3219 V.
535 3183 591 3219 78.
634 3182 821 3228 Ἀθηναῖοι
848 3183 919 3232 μέν
942 3196 1010 3221 νυν
1032 3179 1198 3228 ηὔξαντο.
1230 3181 1340 3228 δηλοῖ
1359 3183 1402 3221 δὲ
1426 3182 1469 3220 οὐ
1499 3182 1570 3220 κατ’
1598 3182 1639 3220 ἓν
1660 3185 1821 3232 μοῦνον,
1850 3182 1942 3219 ἀλλὰ
1975 3184 2159 3228 πανταχῆ,
2191 3181 2213 3225 ἡ
2244 3185 2411 3231 ἰσηγορίη
2442 3180 2489 3222 ὡς
2519 3183 2597 3218 ἔστι

294 3242 422 3287 χρῆμα
454 3241 673 3276 σπουδαῖον.
699 3243 732 3275 εἰ
757 3242 819 3274 καὶ
836 3239 1024 3284 Ἀθηναῖοι
1045 3239 1351 3290 τυραννευόμενοι
1380 3240 1469 3290 μὲν,
1502 3240 1679 3290 οὐδαμῶν
1700 3242 1773 3278 τῶν
1796 3242 1912 3288 σφέας
1934 3236 2212 3288 περιοικεόντων
2238 3239 2329 3277 ἔσαν
2362 3236 2406 3275 τὰ
2436 3240 2597 3288 πολέμια

299 3294 487 3343 ἀμείνους,
510 3297 804 3344 ἀπαλλαχθέντες
827 3298 870 3333 δὲ
892 3295 1096 3345 τυράννων,
1126 3300 1256 3344 μακρῷ
1287 3300 1425 3346 πρῶτοι
1448 3297 1629 3343 ἐγένοντο·
1653 3298 1763 3341 δηλοῖ
1780 3292 1834 3332 ὧν
1855 3298 1981 3340 ταῦτα,
2007 3294 2062 3331 ὅτι
2084 3294 2320 3343 κατεχόμενοι
2341 3293 2594 3338 ἐθελοκάκεον,

299 3349 347 3391 ὠς
379 3351 539 3403 δεσπότῃ
573 3351 820 3404 ἐργαζόμενοι.
854 3354 1175 3403 ἐλευθερωθέντων
1203 3354 1245 3390 δὲ
1274 3353 1382 3394 αὐτὸς
1417 3354 1538 3400 ἑωυτῷ·
1567 3356 1798 3403 προθυμέετο
1828 3350 2123 3402 κατεργάζεσθαι.
2157 3346 2258 3389 οὗτοι
2287 3354 2360 3401 μέν
2386 3365 2456 3390 νυν
2481 3354 2596 3389 ταῦτα

299 3407 497 3459 ἔπρησσον.
