3117 3854
1244 151 1668 208 nnn-15⁴&

371 277 677 333 Quaecunque
716 275 773 318 de
809 274 1190 318 natura'humana
1216 274 1264 316 in
1290 274 1484 317 medium
1510 274 1693 331 protulit
1726 273 1984 330 Euripides,
2028 276 2176 318 omnia
2211 289 2424 320 manasse
2464 275 2670 322 videntu-

237 370 263 402 e
288 354 480 415 physico
517 353 605 400 isto
635 353 836 409 decreto,
872 367 959 413 quo
988 352 1170 399 aethere
1198 352 1349 398 divino
1386 352 1433 398 in
1468 359 1615 398 terrae
1644 352 1878 410 amplexus
1913 354 2215 400 descendente
2250 368 2399 401 rerum
2433 356 2564 416 quasi
2598 369 2672 403 se-

234 434 355 481 mina
380 433 521 480 voluit
547 433 725 479 effundi.
782 434 832 477 In
861 447 950 492 qua
977 432 1186 492 opinione
1215 446 1314 477 eum
1343 432 1430 478 sibi
1459 439 1667 476 constare
1695 446 1786 477 non
1813 439 1988 491 posset,
2022 434 2110 478 nisi
2140 435 2180 478 si
2207 448 2356 479 rerum
2382 436 2671 481 animantium

235 515 354 560 omni
391 515 545 572 generi
582 513 777 559 aetheris
812 513 888 558 vel
923 512 1098 558 divinae
1134 513 1293 557 mentis
1328 520 1501 570 partem
1529 512 1807 567 attribueret,
1845 512 1907 556 ita
1944 520 1992 556 ut
2021 514 2078 556 ab
2118 513 2300 558 aethere
2338 515 2449 558 nihil
2484 524 2673 561 vacaret

233 608 423 652 prorsus
452 607 772 650 communeque
799 592 968 650 aliquid
994 592 1214 636 haberent
1241 593 1426 649 stirpes,
1461 591 1684 643 animalia,
1712 591 1915 636 homines
1943 597 1996 644 ¹):
2034 593 2260 637 hominum
2288 601 2436 638 tamen
2465 602 2669 639 naturam

235 688 390 719 omnes
427 673 597 716 anteire
632 672 876 716 animantes
913 672 1170 729 variamque
1207 686 1310 715 esse
1347 672 1392 714 in
1430 671 1543 728 ipsis
1577 670 1831 714 hominibus
1867 686 1923 715 ac
1961 672 2185 716 diversam
2219 673 2380 717 mentis
2421 680 2465 717 et
2503 673 2595 717 vim
2623 680 2671 718 et

235 768 365 798 usum
395 753 561 796 diserte
589 752 891 809 pronuntiavit
918 759 1065 808 poeta.
2257 737 2260 740 ’

370 830 483 874 Sunt
520 830 632 874 enim
660 830 826 874 affatim
859 829 997 873 multa
1032 843 1173 889 eaque
1200 830 1415 883 maxima,
1453 831 1612 889 quibus
1641 829 1846 872 homines
1883 829 2179 874 animantibus
2207 830 2394 888 reliquis
2422 837 2667 887 praestant.

233 913 296 956 Ut
321 912 537 956 nonnulla
566 924 925 962 commemorem,
954 911 1157 953 instructi
1185 923 1338 953 sumus
1366 910 1539 967 lingua,
1569 923 1657 967 qua
1686 923 1788 953 cum
1815 909 1918 952 aliis
1948 910 2252 968 colloquamur
2281 919 2326 953 et
2354 913 2516 954 mentis
2547 912 2670 969 cogi·
2693 964 2697 970 Δ

232 997 326 1036 tata
353 991 645 1049 explicemus3
685 991 845 1035 deinde
873 1004 1113 1048 possumus
1151 1002 1243 1033 non
1272 989 1438 1044 solum,
1482 1002 1595 1048 quae
1624 991 1681 1033 ad
1717 994 1853 1034 vitam
1882 992 2217 1034 sustentandam
2254 992 2517 1035 necessaria
2553 998 2671 1046 sunt,

232 1071 365 1116 nobis
402 1083 685 1127 comparare,
722 1083 877 1114 verum
915 1070 1047 1114 etiam
1084 1069 1330 1113 alienarum
1365 1076 1582 1112 terrarum
1620 1070 1852 1112 commoda
1884 1062 2123 1127 'percipere
2161 1076 2205 1112 et
2242 1070 2286 1111 in
2315 1084 2399 1113 nos
2439 1071 2646 1114 derivare
2652 1084 2668 1126 3

230 1150 364 1193 iidem
390 1163 631 1206 possumus
660 1149 865 1193 aedificia
901 1151 1171 1193 exstruendo
1210 1149 1353 1206 frigus
1382 1156 1427 1192 et
1459 1156 1632 1193 aestum
1671 1148 1921 1193 defendere.
1981 1149 2107 1199 Quas
2147 1163 2302 1193 omnes
2338 1163 2415 1194 res
2451 1151 2670 1208 singulari

234 1229 529 1286 disputatione
565 1228 848 1288 persequitur
875 1228 1079 1273 Theseus
1116 1230 1163 1272 in
1192 1227 1500 1287 SupplicibuS,
1538 1229 1585 1271 in
1620 1243 1772 1272 errore
1808 1244 1912 1273 esse
1950 1230 2263 1273 demonstrans
2292 1243 2395 1283 eos,
2436 1231 2510 1288 qui
2548 1232 2669 1275 bona

234 1308 381 1353 dicant
407 1308 756 1365 praeponderari
784 1307 926 1351 malis.

640 1387 793 1443 Suppl.
821 1402 869 1433 v.
901 1386 994 1430 197.
1026 1402 1092 1443 sq.
1496 1389 1672 1445 πρῶτον
1700 1386 1781 1442 μὲν
1809 1386 1955 1438 ἐνθεὶς
1985 1385 2167 1432 σύνεσιν·
2195 1383 2290 1431 εἶτα
2320 1386 2361 1432 δ’
2395 1383 2581 1445 ὅγγελον

324 1499 544 1508 ...............
567 1462 689 1518 ἔλεξε
718 1463 801 1525 γάρ
830 1482 915 1518 τις,
948 1462 1009 1517 ὡς
1036 1465 1092 1509 τὰ
1116 1463 1295 1524 χείρονα
1496 1467 1698 1523 γλῶσσαν
1727 1462 1868 1523 λόγων
1897 1466 2013 1518 δοὺς,
2045 1465 2157 1510 ὥστε
2186 1463 2436 1525 γιγνώσκειν
2467 1462 2578 1511 ὅπα.

322 1543 465 1590 πλείω
493 1547 717 1604 βροτοῖσιν
747 1543 840 1590 ἐστὶ
868 1546 955 1588 τῶν
984 1541 1240 1600 ἀμεινόνων.
1496 1542 1666 1604 τροφήν
1685 1560 1733 1589 τε
1752 1548 1941 1604 καρποῦ,
1972 1548 2027 1605 τῇ
2049 1549 2192 1606 τροφῇ
2218 1542 2255 1589 τ’
2281 1542 2361 1590 ἀπ’
2386 1542 2578 1606 οὐρανοῦ

321 1623 406 1683 ἐγώ
436 1623 486 1670 δὲ
513 1621 686 1677 τούτοις
715 1620 866 1668 ἀντίαν
894 1620 1065 1683 γνώμην
1094 1620 1192 1679 ἔγω,
1497 1622 1711 1682 σταγόνας
1737 1621 1941 1685 ὖδρηλὰς,
1973 1621 2033 1677 ὥς
2063 1623 2118 1669 τά
2138 1622 2177 1683 γ’
2200 1624 2249 1671 ἐκ
2274 1623 2404 1684 γαίας
2422 1624 2578 1686 τρέφῃ,

321 1700 464 1748 πλείω
493 1703 549 1748 τὰ
575 1702 742 1762 χρηστὰ
771 1705 857 1747 τῶν
895 1705 1040 1747 κακῶν
1069 1697 1184 1747 εἶναι
1211 1705 1403 1762 βροτοῖς.
1496 1698 1610 1763 ἷίρδῃ
1638 1720 1685 1748 τε
1713 1699 1857 1762 νηδύν.
1886 1702 2000 1762 πρὸς
2029 1702 2079 1749 δὲ
2107 1706 2224 1749 τοῖσι
2248 1701 2459 1761 χείματος

322 1779 362 1827 εἶ
387 1781 449 1839 μὴ
480 1782 562 1842 γὰρ
592 1777 645 1839 ἦν
674 1778 783 1835 τόδ’,
815 1778 893 1826 οὐκ
923 1778 976 1826 ἂν
1006 1776 1115 1839 ἦμεν
1144 1780 1189 1826 ἕν
1219 1778 1342 1840 φάει.
1496 1779 1795 1841 προβλήματ’,
1825 1776 1959 1827 αἶθον
1988 1780 2298 1839 ἐξαμύνασθαι
2324 1785 2454 1828 θεοῦ.

322 1858 430 1905 αἰνῶ
460 1857 517 1915 δ’,
547 1854 598 1913 ὃς
626 1856 729 1918 ἡμῖν
756 1858 907 1917 βίοτον
936 1858 984 1904 ἐκ
1012 1858 1296 1920 πεφυρμένου
1497 1858 1660 1905 πόντου
1687 1879 1735 1905 τε
1763 1857 2114 1917 ναυστολήμαθ’,
2145 1858 2206 1913 ὥς
2234 1861 2475 1919 διαλλαγὰς

321 1940 397 1985 καὶ
423 1936 680 2000 θηριώδους
707 1943 829 1985 θεῶν
858 1936 1236 1997 διεσταθμήσατο·
1495 1937 1668 1998 ἔέιοιμεν
1697 1936 1972 1997 ἀλλήλοισιν,
2005 1933 2064 1984 ὧν
2094 1938 2271 1985 πένοιτο
2301 1943 2369 1998 γῆ.

365 2020 435 2064 Ex
463 2020 668 2064 omnibus
697 2027 857 2074 autem,
887 2033 1001 2079 quae
1029 2018 1283 2064 hominibus
1321 2026 1424 2064 sunt
1459 2023 1662 2078 propria,
1689 2020 1943 2077 primarium
1971 2027 2042 2065 est
2069 2019 2199 2074 illud,
2243 2021 2362 2079 quod
2389 2022 2562 2068 aetheri
2597 2021 2671 2067 vis

230 2101 278 2145 in
304 2100 437 2144 nobis
464 2099 600 2156 plane
627 2099 717 2143 alia
746 2106 832 2152 est,
863 2112 994 2157 quam
1022 2099 1067 2141 in
1096 2099 1407 2143 animantibus.
1465 2099 1688 2144 Videlicet
1724 2101 1770 2142 in
1806 2100 1989 2158 reliquis
2027 2107 2194 2143 tantum
2224 2107 2295 2144 est
2322 2103 2501 2158 pondus
2529 2109 2669 2146 terre-

229 2194 386 2224 narum
403 2179 605 2236 partium,
633 2185 682 2221 ut
707 2177 902 2221 aetheris
924 2176 1128 2221 efficacia
1154 2177 1212 2221 sit
1230 2178 1467 2222 admodum
1486 2181 1663 2223 modica
1686 2180 1950 2237 minimeque
1976 2178 2154 2223 exculta
2174 2185 2219 2223 et
2237 2179 2448 2235 expolita.
2496 2181 2673 2225 Etenim

229 2261 278 2305 in
305 2259 568 2305 animalibus
599 2259 731 2302 etiam
757 2257 933 2301 virtutis
968 2258 1159 2315 vestigia
1187 2259 1407 2315 quaedam
1435 2272 1492 2302 ac
1520 2259 1786 2303 documenta
1813 2272 2096 2315 comparere,
2134 2271 2402 2317 quamquam
2429 2259 2669 2317 Euripides

306 2488 337 2532 ¹)
361 2486 409 2523 cf.
434 2485 561 2522 Schol.
584 2484 631 2520 ad
652 2485 774 2531 Eurip.
796 2484 888 2519 nec.
905 2494 941 2519 v.
969 2483 1046 2518 177.
1070 2480 1171 2528 ψυχὴ
1194 2484 1365 2529 σημαίνει
1385 2480 1451 2524 τὴν
1472 2481 1514 2517 ἐν
1535 2484 1584 2527 τῷ
1607 2480 1795 2530 ιἰνθρόπᾳ
1817 2481 1971 2528 λογικὴν
1993 2481 2119 2527 ψυχὴν
2140 2482 2203 2517 καὶ
2224 2479 2291 2526 τὴν
2312 2481 2356 2518 ἐν
2376 2485 2451 2522 τοῖς
2473 2480 2575 2524 ζώοις
2594 2486 2670 2522 τοῖς

364 2539 515 2589 ἀλόγοις
535 2542 597 2577 καὶ
618 2543 694 2581 τοῖς
716 2542 855 2586 φυτοῖς.
877 2559 924 2566 -—-
945 2537 1126 2586 Porphyr.
1152 2537 1199 2573 de
1221 2536 1351 2573 abacia.
1377 2536 1436 2573 111.
1452 2536 1511 2575 25.
1532 2548 1569 2585 p.
1596 2537 1673 2574 ¹35.
1698 2537 1873 2584 συγγενὲς
1901 2536 1994 2587 ἡμῖν
2014 2535 2057 2574 τὸ
2079 2539 2154 2574 τῶν
2175 2538 2319 2575 lom-b·
2341 2535 2443 2580 ξύων
2462 2540 2579 2585 γένος.
2603 2539 2668 2573 καὶ

363 2597 437 2648 γὰρ
458 2599 595 2648 τροφαὶ
617 2598 736 2633 πᾶσαι
759 2597 799 2632 αἱ
821 2595 926 2631 αὐταὶ
948 2596 1065 2632 πᾶσιν
1086 2593 1209 2635 αὐτοῖς
1229 2596 1292 2630 καὶ
1313 2591 1519 2643 πνεύματα,
1543 2592 1592 2634 ὥς
1612 2594 1818 2643 Ευριπίδης
1839 2594 1903 2630 καὶ

1175 2677 1442 2688 ..................
1459 2654 1629 2698 φοινίους
1650 2651 1726 2697 ἔχει
1749 2649 1838 2700 ῥοᾶς

1175 2706 1219 2744 τᾶ
1242 2708 1314 2749 ζῶα
1335 2704 1466 2744 πάντα·

365 2766 471 2808 Quae
500 2773 678 2815 quatenus
700 2765 956 2814 Anaxagoreis
986 2770 1201 2813 congruant,
1231 2763 1400 2802 facillime
1429 2770 1552 2813 potest
1575 2765 1752 2813 exputari.
1799 2763 1935 2802 Audin
1960 2763 2055 2801 enim
2077 2762 2271 2800 Platonem
2294 2764 2331 2801 in
2354 2762 2489 2812 Cratyl.
2513 2761 2595 2800 ⁴1³.
2621 2761 2665 2800 C.

363 2824 406 2864 τὸ
429 2825 576 2863 δίκαιον
601 2819 622 2862 3
643 2825 742 2873 λέγει
758 2819 1004 2872 Ἀναξαγόρας
1025 2823 1119 2861 νοῦν
1140 2821 1234 2861 εἶναι
1254 2822 1380 2866 τοῦτο,
1411 2818 1663 2870 αὐτοκράτορα
1692 2820 1766 2872 γὰρ
1796 2818 1910 2860 αὐτὸν
1932 2818 2020 2867 ὄντα
2042 2821 2105 2857 καὶ
2128 2819 2253 2859 οὐδενὶ
2278 2821 2524 2870 μεμιγμένον,
2545 2817 2669 2856 πάντα

365 2883 483 2930 φησιν
504 2881 616 2919 αὐτὸν
637 2884 793 2930 κοσμεῖν
813 2881 856 2917 τὰ
880 2879 1082 2929 πράγματα
1104 2879 1168 2916 διὰ
1191 2879 1340 2918 πάντων
1361 2878 1477 2915 ἰόντα·
1521 2880 1826 2928 Aristotelemque
1855 2880 1893 2915 in
1916 2879 1998 2914 libr.
2023 2879 2071 2914 de
2092 2879 2221 2913 Anima
2242 2877 2273 2914 1.
2295 2878 2331 2914 2.
2357 2874 2601 2925 Ἀναξαγόρας
2622 2876 2669 2912 δὲ

363 2932 471 2983 ἧττον
494 2939 678 2985 διασαφεῖ
697 2939 781 2985 περὶ
804 2936 936 2974 αὐτῶν.
959 2938 1149 2983 πολλαχοῦ
1171 2937 1244 2984 μὲν
1265 2936 1338 2984 γὰρ
1358 2933 1400 2972 τὸ
1423 2938 1542 2974 αἴτιον
1563 2938 1629 2973 τοῦ
1652 2938 1772 2977 καλῶς
1792 2937 1856 2972 καὶ
1877 2934 1999 2984 ὅρθὸς
2019 2934 2085 2971 τὸν
2107 2936 2197 2971 νοῦν
2217 2936 2327 2980 λέγει.
2361 2934 2516 2981 ἑτέρωθι
2536 2933 2582 2969 δὲ
2604 2932 2672 2969 τὸν

366 2997 460 3034 νοῦν
482 2996 575 3033 εἶναι
597 2994 662 3033 τὸν
683 2993 796 3031 αὐτὸν
816 2995 862 3044 τῇ
883 2996 1000 3043 ψυχῇ·
1023 2993 1064 3031 ἐν
1086 2990 1205 3031 ἅπασι
1226 2992 1300 3044 γὰρ
1329 2989 1511 3042 ὑπάρχειν
1541 2991 1654 3031 αὐτὸν
1683 2996 1759 3034 τοῖς
1780 2990 1883 3036 ζώοις
1910 2992 1973 3029 καὶ
1992 2988 2168 3042 μεγάλοις
2195 2990 2257 3027 καὶ
2277 2991 2424 3040 μικροῖς
2452 2990 2516 3028 καὶ
2535 2993 2672 3040 τιμίοις

363 3054 427 3089 καὶ
450 3052 699 3103 ἀτιμιωτέροις
721 3052 858 3099 (Anax.
875 3050 921 3090 fr.
938 3050 1066 3097 vm).
1090 3070 1136 3078 —
1158 3051 1308 3089 Armet.
1323 3049 1370 3087 de
1393 3049 1515 3089 Plane.
1540 3049 1570 3089 1.
1597 3051 1631 3089 ¹.
1655 3048 1678 3087 ὁ
1700 3050 1743 3087 δὲ
1760 3047 2004 3098 Ἀναξαγόρας
2025 3051 2088 3086 καὶ
2110 3047 2130 3083 ὁ
2153 3044 2383 3096 Δημόκριτος
2403 3048 2469 3083 καὶ
2490 3045 2510 3083 ὁ
2528 3045 2672 3097 Ἐμπε-

365 3110 499 3154 δοκλῆς
527 3112 590 3144 καὶ
621 3112 714 3146 νοῦν
735 3111 798 3144 καὶ
819 3110 960 3156 γνῶσιν
989 3108 1088 3155 ἔχειν
1110 3108 1216 3145 εἷπον
1237 3106 1279 3143 ui
1305 3104 1418 3156 φυτιὶ.
1439 3126 1486 3134 -
1514 3108 1649 3144 Joann.
1673 3107 1820 3154 Philop.
1846 3107 1894 3143 ad
1923 3107 2032 3143 Arist.
2056 3105 2102 3141 de
2123 3105 2253 3140 Anin-
2275 3103 2304 3141 Ι.
2326 3124 2374 3131 -
2396 3104 2445 3141 et.
2469 3103 2598 3141 Schol.
2623 3104 2674 3141 nd

364 3167 474 3203 Arist.
500 3165 596 3202 Nub.
621 3177 658 3202 v.
681 3165 761 3202 234.
785 3162 808 3209 ἡ
831 3166 879 3211 γῆ
901 3167 966 3210 βίᾳ
987 3163 1083 3200 ἕλκει
1104 3164 1196 3213 πρὸς
1218 3162 1331 3209 αὐτὴν
1357 3161 1425 3209 τὴν
1446 3161 1588 3212 ἰκμάδα
1617 3165 1680 3208 τῆς
1705 3164 1921 3212 φροντίδος]
1942 3165 2100 3198 τουτέστι
2120 3160 2162 3197 τὸ
2183 3158 2353 3205 νοητικὸν
2373 3162 2437 3196 καὶ
2457 3157 2673 3210 rennuita-

364 3233 430 3257 τον
451 3224 514 3266 τῆς
536 3224 668 3268 ψυχῆς.
693 3223 789 3269 φασὶ
810 3219 883 3269 γὰρ
907 3221 944 3256 οἱ
966 3218 1172 3268 φιλόσοφοι
1193 3221 1256 3256 καὶ
1279 3221 1364 3269 περὶ
1377 3218 1444 3265 τὴν
1465 3222 1599 3270 κρᾶσιν
1620 3221 1694 3258 τῶν
1716 3219 1836 3269 ἀέρων
1857 3219 1898 3257 τὸ
1920 3216 2088 3267 ὀξύτερον
2110 3214 2134 3261 ἢ
2155 3215 2195 3253 τὸ
2218 3214 2439 3266 ἀραιότερον
2460 3214 2675 3263 ἐπιβάλλειν

365 3280 441 3318 τοῖς
462 3282 587 3321 θείοις.
635 3280 829 3322 Διαπαίζει
859 3278 902 3315 δὲ
932 3275 975 3314 τὰ
1005 3281 1078 3317 τῶν
1108 3275 1332 3327 φιλοσόφων
1359 3276 1381 3324 ἡ
1411 3278 1600 3328 κωμῳδία.
1629 3275 1738 3327 λόγος
1765 3276 1838 3328 γὰρ
1861 3275 1946 3326 παρ’
1973 3275 2137 3320 ἐκείνοις,
2168 3270 2218 3316 ὥς
2245 3270 2360 3317 ὅντως
2389 3273 2595 3312 ἐπισπᾶται
2615 3276 2669 3317 εἰς

364 3332 497 3378 ἑαυτὴν
516 3334 580 3376 τὰς
602 3333 845 3384 ὑποκειμένας
875 3333 1001 3375 οὐσίας
1028 3333 1052 3379 ἦ
1075 3336 1135 3383 γῆ.
1157 3355 1205 3362 -
1225 3346 1262 3373 v.
1284 3335 1366 3373 265.
1389 3333 1557 3384 ἀμέτρητ’
1591 3333 1678 3383 ἀὴρ]
1705 3336 1780 3374 τοῖς
1809 3331 2028 3383 φιλοσόφων
2054 3330 2179 3380 λόγοις
2207 3331 2300 3382 ἀέρα
2321 3331 2494 3379 βούλεται
2515 3333 2610 3371 εἶναι
2631 3331 2672 3367 τὸ

365 3392 456 3428 πᾶν·
481 3392 520 3426 οἳ
541 3394 604 3426 καὶ
624 3392 691 3437 τὴν
713 3394 754 3429 ἑν
775 3391 866 3441 ἡμῖν
887 3390 1011 3439 ψυχὴν
1033 3391 1125 3442 ἀέρα
1146 3394 1209 3428 καὶ
1230 3393 1379 3442 πνεῦμα
1401 3392 1704 3441 ἔδογματίσαντο.
1726 3408 1774 3418 -

2352 3447 2401 3483 4.
