3117 3854
1366 175 1480 222 χῆι
1545 161 1790 218 wat*

487 288 597 333 Inde
628 289 933 332 diversissima
960 275 1185 330 hominum
1214 288 1393 343 ingenia
1421 291 1467 337 ¹),
1496 300 1638 341 prava
1665 288 1804 338 bonaJ
1835 293 1950 336 sunt,
1980 287 2056 342 qui
2085 288 2400 343 cupiditatibus
2418 305 2509 333 non
2539 293 2797 347 suppressis

348 371 532 426 corpori
559 370 707 425 potius
735 367 1013 424 indulgeant,
1052 382 1185 424 quam
1213 367 1373 409 mentis
1402 365 1659 417 virtutibus3
1700 372 1822 416 sunt,
1864 365 1996 408 etiam
2026 366 2237 408 certando
2268 367 2343 422 qui
2376 369 2485 412 nihil
2514 368 2798 426 proficientes

346 449 438 493 huc
465 448 571 491 illuc
599 447 851 498 trahantur,
892 461 1155 504 quocunque
1186 445 1364 489 tulerint
1391 445 1602 488 libidines
1632 445 1898 501 tandemque
1927 459 2075 488 rerum
2102 459 2340 501 pravarum
2364 444 2589 493 illecebris
2627 449 2799 507 abrepti

345 528 568 586 perditum
597 534 718 580 eant;
760 534 863 570 sunt
894 526 1102 585 denique,
1142 526 1217 584 qui
1255 532 1462 582 potentes
1497 525 1631 569 animi
1661 533 1703 569 et
1733 526 1826 569 irae
1856 525 2058 582 proxime
2088 526 2306 569 accedant
2333 526 2391 569 ad
2421 540 2637 571 summum
2664 529 2798 590 hujus

344 608 466 652 vitae
493 607 640 660 finem,
668 606 791 650 velut
819 607 864 648 in
884 606 1115 649 Alcestide
1135 606 1347 659 Alcestis,
1377 607 1423 648 in
1453 606 1683 663 Iphigenia
1703 605 1937 648 Aulidensi
1955 605 2304 661 Agamemnonis
2333 606 2436 659 filia,
2466 608 2512 649 in
2542 607 2799 654 Stenoboea

346 685 501 732 fabula
536 685 859 742 Bellerophon,
895 685 941 727 in
979 684 1225 743 Hippolyto
1265 685 1554 742 Hippolytus,
1591 686 1634 727 in
1670 683 1986 727 Andromacha
2024 683 2231 728 Hectoris
2270 687 2454 744 conjux,
2491 687 2536 728 in
2570 687 2797 732 Phoenice

344 765 570 818 Phoenix,
598 766 644 808 in
674 764 939 808 Phoenissis
968 764 1270 816 Menoeceus,
1308 766 1353 807 in
1386 764 1638 808 Heraclidis
1668 764 1867 806 Macaria
1896 763 2037 818 virge.
2099 763 2231 811 Quod
2270 767 2490 821 quomodo
2522 766 2795 824 singularum

342 843 596 888 fabularum
626 844 920 899 dispositione
952 843 1249 887 declaraverit
1276 850 1432 899 poeta,
1461 856 1549 883 non
1580 856 1841 897 possumus,
1881 841 1985 896 quin
2015 842 2171 895 paucis
2203 843 2569 888 demonstremus.
2629 847 2797 889 Eadem

344 924 464 968 enim
492 923 718 966 hominum
749 922 990 966 diversitas
1030 936 1084 965 ac
1114 922 1385 978 singulorum
1424 920 1649 963 vacillatio
1688 921 1731 961 in
1768 919 1880 975 ipsis
1920 920 2163 976 tragoediis
2205 923 2477 979 conspicitur
2513 937 2658 982 neque
2693 940 2795 981 pro·

342 1000 463 1046 fecto
502 1000 679 1045 infitiari
719 1015 965 1058 possumus
995 1009 1038 1045 et
1066 1000 1110 1044 in
1149 998 1465 1043 adumbrandis
1496 998 1771 1056 singulorum
1801 997 1999 1041 moribus
2037 1004 2080 1041 et
2120 999 2164 1041 in
2204 1000 2484 1056 explicandis
2522 1003 2655 1045 animi
2689 1016 2796 1060 pen·

345 1081 630 1124 sitationibus
659 1081 919 1136 Euripidem
948 1095 1119 1124 summo
1148 1079 1333 1122 artificio
1365 1086 1590 1121 versatum
1621 1093 1737 1121 esse.

480 1159 649 1203 Vetant
679 1168 826 1203 tamen
857 1159 987 1215 spatii
1017 1158 1178 1210 limina,
1208 1166 1346 1200 totum
1367 1158 1411 1200 id
1430 1165 1735 1214 argumentum
1755 1157 2028 1213 pertractari,
2059 1157 2120 1200 ita
2150 1165 2196 1200 ut
2224 1157 2310 1201 hac
2342 1159 2639 1215 disputatione
2667 1176 2796 1219 prae-

344 1247 434 1285 stet
478 1240 537 1283 ad
576 1241 762 1283 duarum
801 1246 967 1283 tantum
1012 1239 1230 1283 accedere
1278 1237 1605 1294 tragoediarum
1643 1237 2050 1294 investigationem,
2091 1252 2115 1279 c
2152 1237 2311 1295 quibus
2340 1238 2691 1285 luculentissime
2719 1257 2797 1299 ap·

343 1327 485 1376 paret,
517 1319 624 1377 quid
654 1319 739 1362 sibi
759 1318 947 1361 voluerit
966 1317 1203 1373 Euripides
1224 1331 1397 1374 quaque
1419 1324 1513 1360 arte
1534 1331 1588 1360 ac
1611 1318 1756 1360 studio
1785 1330 1894 1359 usus
1915 1317 1972 1359 sit
2001 1317 2045 1358 in
2067 1317 2365 1360 describenda
2383 1318 2607 1362 hominum
2626 1327 2796 1364 natura.

487 1398 724 1442 Sumamus
761 1397 893 1455 igitur
928 1394 1145 1447 fabulam,
1191 1410 1322 1455 quam
1357 1397 1573 1454 integram
1620 1395 1804 1439 saecula
1840 1395 2047 1447 tulerunt,
2086 1396 2376 1454 Hippolytum
2413 1406 2683 1442 coronatum.
2747 1401 2797 1443 In

345 1492 403 1521 ea
438 1477 655 1520 habemus
692 1484 784 1520 tum
821 1476 1090 1527 Phaedram,
1139 1477 1341 1532 corporis
1378 1476 1603 1520 illecebris
1641 1477 1828 1532 primum
1865 1484 2204 1533 repugnantem,
2241 1483 2467 1533 postremo
2507 1481 2796 1524 succumben-

344 1564 453 1608 tem,
489 1563 582 1598 tum
609 1555 921 1612 Hippolytum,
960 1554 1202 1610 voluptatis
1232 1555 1533 1598 blandimenta
1561 1556 1674 1598 adeo
1705 1555 1814 1597 nihil
1844 1562 2092 1605 curantem,
2131 1562 2178 1598 ut
2208 1556 2357 1599 divina
2385 1558 2455 1600 vis
2485 1560 2690 1602 omnibus
2717 1573 2797 1602 nu-

343 1635 484 1678 meris
513 1634 722 1678 absoluta
752 1634 985 1689 splendeat
1014 1641 1057 1676 et
1086 1634 1359 1676 intemerata.
1411 1634 1617 1676 Phaedra
1647 1633 1774 1684 enim,
1803 1649 1892 1676 non
1921 1633 2134 1689 ignorans
2163 1633 2252 1686 illa,
2281 1634 2359 1677 filii
2388 1643 2610 1680 amantem
2637 1651 2797 1694 magno

345 1713 525 1757 scelere
555 1728 661 1757 sese
690 1713 949 1756 adstrictam
979 1728 1103 1766 esse,
1140 1713 1343 1770 quamvis
1381 1716 1498 1756 omni
1537 1714 1669 1755 modo
1699 1726 1895 1755 amorem
1924 1726 2179 1770 expungere
2214 1714 2408 1767 studeat,
2447 1729 2535 1757 non
2568 1730 2623 1759 ea
2651 1723 2799 1761 tamen

346 1792 605 1836 fortitudine
644 1800 688 1836 et
727 1792 979 1836 constantia
1015 1793 1158 1850 viget,
1198 1806 1286 1850 qua
1321 1793 1536 1835 radicitus
1572 1791 1647 1834 ille
1684 1792 1901 1834 avellatur
1932 1796 1992 1843 (v.
2024 1792 2107 1835 388
2137 1818 2190 1823 ——
2221 1793 2322 1845 4303
2365 1793 2419 1836 cf.
2451 1809 2588 1851 supra
2614 1810 2657 1852 p.
2692 1796 2793 1847 19.).

346 1873 633 1929 Quapropter
669 1873 767 1930 ejus
806 1885 973 1928 corpus
1007 1873 1149 1915 macie
1188 1872 1456 1925 extabescit3
1496 1872 1583 1914 cibi
1620 1872 1849 1914 abstinens
1887 1885 1976 1913 non
2016 1872 2255 1929 quidquam
2293 1873 2378 1916 sibi
2414 1873 2581 1917 habere
2610 1875 2797 1928 videtur,

345 1952 435 1995 nisi
464 1958 662 2003 mortem,
693 1965 782 2009 qua
811 1951 959 1994 animo
988 1966 1147 2008 pacem
1175 1952 1332 1995 reddat
1363 1958 1405 1994 et
1433 1951 1793 2008 tranquillitatem
1817 1955 1873 2002 2);
1905 1951 2048 2003 sentit,
2076 1965 2214 2007 puras
2235 1966 2338 1995 esse
2368 1966 2539 2004 manus,
2570 1954 2653 1996 sed
2679 1967 2798 1996 men·

346 2038 436 2076 tem
456 2032 555 2089 jam
581 2030 722 2087 pollui
760 2030 938 2087 piaculo
974 2034 1023 2083 ³).
1067 2031 1166 2081 Quo
1197 2031 1353 2089 majori
1381 2032 1426 2074 vi
1456 2032 1514 2075 ad
1545 2031 1696 2075 scelus
1726 2030 2042 2074 admittendum
2071 2031 2350 2087 pertrahitur,
2381 2047 2435 2076 eo
2465 2033 2633 2090 majore
2663 2033 2799 2077 admi·

483 2214 595 2259 μένης
617 2213 679 2255 τῆς
701 2213 833 2256 ψυχῆς,
858 2213 907 2250 εἰς
930 2210 1092 2257 λογικὸν,
1116 2211 1276 2258 θυμικὸν
1298 2213 1360 2247 καὶ
1383 2210 1666 2258 ἐπιθυμητικὸν,
1693 2208 1750 2244 ὅτε
1774 2211 1843 2256 μέν
1867 2208 1941 2244 ἐστι
1964 2208 2004 2244 τὸ
2028 2208 2179 2255 λογικὸν
2201 2210 2385 2257 καθαρὸν,
2409 2211 2587 2259 διακρίνει
2610 2213 2671 2248 καὶ
2694 2214 2801 2259 λογί-

484 2270 576 2308 ζεται
600 2266 642 2302 τὰ
668 2266 898 2314 προσήκοντα
923 2269 984 2302 καὶ
1014 2269 1133 2307 καλῶς
1162 2269 1304 2314 ἔχοντα.
1338 2270 1531 2309 σκοτίζεται
1564 2267 1606 2302 δὲ
1632 2264 1704 2300 ὑπὸ
1729 2267 1793 2300 τοῦ
1818 2267 1978 2313 θυμικοῦ
2003 2268 2064 2300 καὶ
2086 2267 2353 2313 ἐπιθυμητικοῦ
2379 2270 2440 2302 καὶ
2470 2267 2542 2303 ὑπὸ
2567 2267 2681 2304 ι’ίλλου
2703 2268 2800 2309 τινὸς

480 2321 765 2370 συναντήματος.
795 2323 996 2359 κάντεῦθεν
1020 2325 1063 2358 οὐ
1088 2328 1328 2372 συγχωρεῖτιιι
1357 2326 1562 2370 λογίζεσθαι
1589 2321 1630 2358 τὰ
1657 2323 1800 2357 δέοντα.
1825 2341 1869 2348 —-
1891 2320 1931 2356 τὸ
1954 2322 2025 2368 μὲν
2048 2322 2210 2369 θυμικὸν
2232 2324 2387 2369 ἔγκειται
2415 2324 2513 2370 παρὰ
2538 2324 2603 2368 τὴν
2625 2325 2796 2373 καρδίαν·

478 2378 520 2414 τὸ
544 2380 587 2414 δὲ
617 2379 885 2427 ἐπιθυμητικὸν
916 2378 1015 2428 παρὰ
1047 2380 1086 2416 τὸ
1116 2374 1227 2430 ἧπαρ·
1259 2380 1298 2417 τὸ
1331 2381 1373 2417 δὲ
1403 2380 1611 2427 λογίστικὸν
1637 2378 1736 2427 παρὰ
1761 2377 1800 2413 τὸ
1826 2379 2044 2425 ἐγκέφαλον,
2070 2376 2091 2414 ὃ
2113 2381 2174 2413 καὶ
2197 2377 2311 2425 λόγον
2335 2379 2586 2430 αὐτοκράτορα
2609 2382 2683 2428 ἔχει
2707 2380 2798 2430 πρὸς

481 2436 612 2474 ἐκεῖνα.

426 2504 455 2549 ¹)
686 2503 848 2552 Iphigen.
874 2506 917 2539 Α.
943 2514 978 2540 ν.
1002 2504 1083 2540 560.
1845 2502 2023 2537 Rbadam.
2050 2503 2094 2538 t'r.
2121 2503 2148 2538 Ι.

550 2558 728 2606 διάφοροι
753 2561 796 2595 δὲ
821 2558 951 2606 φύσεις
973 2563 1125 2609 βροτῶν,
1702 2558 1853 2606 ’Έρωτες
1875 2557 1965 2607 ἡμῖν
1987 2563 2058 2594 εἰσὶ
2083 2565 2253 2595 παντοῖοι
2274 2566 2369 2604 βίου.

549 2615 743 2667 διάτροποι
769 2618 812 2653 δὲ
835 2615 996 2664 τρόποις.
1712 2613 1731 2652 ὁ
1754 2617 1824 2664 μὲν
1847 2615 1918 2664 γὰρ
1943 2616 2131 2664 εὐγένειαν
2155 2619 2285 2666 ἱμείρει
2309 2620 2446 2665 λαβεῖν.

687 2673 801 2712 Oenei
826 2673 955 2722 fragm.
983 2674 1079 2713 vlu.
1710 2676 1759 2721 τῷ
1784 2675 1817 2710 ‹5'
1847 2675 1930 2723 οὐχὶ
1954 2673 2084 2712 τούτου
2109 2678 2278 2725 φροντὶς,
2303 2675 2397 2713 ἀλλὰ
2415 2675 2617 2726 χρημάτων

548 2731 626 2766 ἀλλ’
645 2730 755 2772 ἄλλος
771 2730 895 2772 ι’ίλλοις
910 2734 1056 2780 μᾶλλον
1067 2730 1189 2777 ἥδεται
1209 2731 1367 2781 τρόποις.
1711 2734 1859 2769 πολλῶν
1881 2735 2078 2777 κεκλῆσθαι
2103 2732 2271 2777 βούλεται
2295 2734 2413 2783 πατὴρ
2437 2734 2580 2783 δόμοις.

687 2788 817 2835 oedip.
844 2789 889 2824 sr.
918 2789 978 2824 ΙΙΙ.
1710 2788 1807 2834 ι’ίλλῳ
1830 2791 1864 2824 ‹5‘
1894 2790 2037 2837 ἀρέσκει
2062 2791 2181 2837 μηδὲν
2206 2789 2304 2837 ὑγιὲς
2327 2793 2366 2827 ἐκ
2391 2797 2539 2840 φρενῶν

542 2842 647 2884 Ἐνὸς
670 2845 703 2879 δ’
732 2846 865 2893 ἔρωτος
889 2841 992 2884 ’ὄντος
1016 2845 1059 2881 οὐ
1082 2845 1139 2893 μί’
1169 2844 1298 2890 ἡδονή.
1710 2845 1851 2892 λεγόντι
1876 2851 2020 2883 πείθειν
2042 2846 2125 2887 τοὺς
2148 2850 2259 2888 πέλας
2281 2846 2396 2898 τόλμῃ
2419 2852 2525 2898 κακῇ.

546 2904 583 2936 οἱ
604 2903 677 2949 μὲν.
699 2904 824 2939 κακῶν
847 2903 1000 2946 ἐρῶσιν,
1025 2905 1063 2938 οἱ
1086 2904 1128 2938 δὲ
1153 2906 1227 2940 τῶν
1249 2905 1383 2941 καλῶν.
1711 2905 1746 2939 οἱ
1769 2904 1804 2939 ‹5‘
1834 2904 1965 2951 αἰσχρὰ
1990 2904 2101 2951 κέρδη
2124 2902 2268 2953 πρόσθε
2292 2908 2357 2942 τοῦ
2381 2909 2496 2943 καλοῦ
2519 2909 2662 2955 βροτῶν

547 2955 566 2992 ὁ
591 2957 625 2992 δ’
654 2959 704 2998 εἰς
726 2957 766 2994 τὸ
791 2960 948 3007 σῶφρον
971 2958 1028 2994 ἐπ’
1057 2958 1189 3008 ἀρετήν
1212 2959 1244 2996 τ’
1273 2958 1376 3006 ἄγων
1400 2960 1491 3010 ἔρως
1711 2962 1887 3003 ζητοῦσιν.
1915 2958 2008 2995 οὕτω
2032 2965 2152 3005 βίοτος
2176 2959 2389 3009 ἀνθρώπων
2413 2961 2546 3006 πλάνη.

548 3016 697 3059 ζηλωτὸς
721 3014 992 3066 ἀνθρώποισιν.
1846 3018 1963 3065 lphig.
1989 3020 2032 3055 A.
2058 3032 2093 3055 v.
2124 3019 2222 3057 1141.

1710 3073 1729 3109 ὁ
1755 3077 1839 3114 νοῦς
1864 3073 1920 3110 ὅδ’
1950 3073 2057 3114 αὐτὸς
2081 3077 2173 3113 νοῦν
2196 3076 2292 3122 ἔχων
2316 3075 2359 3111 οὐ
2383 3073 2565 3123 τυγχάνει.

418 3140 450 3185 ²)
476 3169 562 3178 ......
575 3143 774 3178 κατθανεῖν
796 3140 905 3182 ἔδοξέ
925 3152 992 3189 μοι
1015 3139 1233 3190 Κράτιστον.
1259 3153 1295 3180 ν.
1321 3142 1400 3179 401.

416 3230 449 3274 ³)
545 3234 615 3266 ποῖ
635 3229 929 3279 παρεπλάγχθην
951 3229 1102 3279 γνώμας
1125 3231 1289 3278 ‘'tranlis-5
1312 3233 1438 3280 (Hipp.
1464 3245 1499 3269 v.
1526 3231 1626 3278 240.)
1711 3231 1752 3268 τὸ
1776 3233 1817 3270 δὲ
1839 3232 2068 3284 μαινόμενον
2091 3232 2216 3273 κακόν·
2240 3233 2333 3272 ἀλλὰ
2356 3237 2489 3282 κρατεῖ,

440 3301 442 3303 '
517 3306 522 3310 -
544 3284 704 3337 Κρὺπτε·
729 3286 808 3324 κατ’
838 3284 962 3325 ὅσσων
990 3284 1109 3338 δάκρυ
1132 3300 1199 3337 μοι
1226 3292 1356 3335 βαίνει,
1710 3288 1762 3339 μὴ
1786 3289 2026 3339 γιγνώσκοντ’
2055 3292 2276 3331 ἀπολέσθαι.
2303 3294 2355 3338 (ν.
2381 3291 2449 3326 245
2472 3292 2546 3337 sq.)

418 3357 430 3362 ·’
476 3387 480 3391 .
528 3347 607 3379 ’καὶ
631 3345 688 3380 ἐπ’
719 3344 899 3393 αἰσχύνην
923 3344 1027 3395 ὄμμα
1051 3350 1255 3396 τέτραπται.
1707 3352 1825 3397 χεῖρες
1847 3349 1919 3396 μὲν
1943 3347 2072 3395 ἁγναὶ,
2097 3349 2198 3398 φρὴν
2221 3349 2254 3385 δ’
2285 3350 2360 3394 ἔχει
2381 3344 2529 3395 μίασμά
2552 3360 2598 3384 τι..
2624 3348 2676 3391 (v.
2700 3345 2796 3391 312.)

543 3401 585 3438 τὸ
608 3401 683 3451 γὰρ
708 3401 917 3451 ὀρθοῦσθαι
940 3400 1095 3452 γνώμαν
1118 3403 1249 3450 ὀδυνᾷ,
