3117 3854
1264 180 1380 223 κει
1443 168 1511 218 27
1573 178 1686 224 mex

319 291 506 354 εὐτυχίᾳ.
537 291 663 352 παρὰ
693 289 735 336 δ’
770 287 904 335 {mov
933 288 976 349 γ’
1010 286 1124 335 Eua
1606 287 1806 351 μόρσιμα
1836 287 1879 334 δ’
1912 286 2010 334 οῗὶτι
2039 294 2192 351 φυγεῖν
2220 288 2368 348 θέμις·
2400 287 2454 335 οὗ
2484 289 2619 352 σοφί-

317 379 453 435 μοῒρα
485 370 648 419 διώκει.
1611 388 1640 414 α
1669 388 1737 423 τις
1766 365 2010 415 ἀπώσεται.

317 455 393 498 τὸν
420 453 500 510 μὲν
530 449 613 513 ἀφ’
647 449 834 512 ὑψηλῶν
861 449 1025 510 βραχὺν
1054 445 1222 508 ᾤκισεν,
1608 446 1722 492 ἀλλὰ
1750 447 1893 505 μάταν
1923 447 1948 492 ὃ
1979 447 2218 509 πρόθυμος
2247 447 2318 494 ἀεὶ
2346 449 2483 496 πόνον

318 533 392 576 τὸν
423 529 463 575 δ’
497 529 662 588 ἆλήταν
692 527 933 585 εὐδαίμονα
962 526 1115 583 τεύχει.
1562 549 1567 554 ·
1610 528 1700 580 ἕξει
1729 526 1787 585 γ’.

385 614 484 656 Nec
511 612 657 654 minus
685 610 787 664 ipsa
822 609 1149 664 tragoediarum
1183 608 1325 652 forma
1358 609 1590 664 probatur,
1626 609 1824 663 Euripidi
1854 624 1985 666 quam
2014 624 2279 664 persuasum
2307 609 2437 653 fuerit
2467 611 2522 654 de
2550 609 2695 654 infeli-

252 696 383 737 citate
410 693 544 748 hujus
572 690 690 733 vitae
721 696 765 731 et
792 688 1068 731 miseriarum
1098 687 1240 744 copia.
1299 687 1380 731 His
1410 688 1529 731 enim
1558 687 1781 744 plurimis,
1818 688 1938 731 velut
1967 688 2159 732 Hercule
2198 687 2389 740 furente,
2428 689 2695 741 Troadibus,

252 774 434 825 Medea,
464 769 708 827 Hippolyto
740 775 972 820 coronato,
1002 781 1092 810 non
1122 768 1431 811 describuntur
1465 769 1551 812 nisi
1580 768 1813 812 molestiae
1839 769 1955 811 vitae
1986 769 2204 812 humanae
2236 777 2280 812 et
2309 769 2694 813 incommoditates

250 855 515 905 immensae,
546 850 706 908 quibus
736 848 884 892 omnia
911 847 1173 905 plenissima
1211 847 1299 891 sint
1338 854 1399 901 et,
1439 863 1702 907 quocunque
1741 849 2002 906 adspectum
2041 847 2291 903 referimus,
2329 849 2532 892 homines
2570 849 2695 893 vide-

250 947 348 976 mus
377 932 451 976 vel
480 929 759 987 gravissimis
788 927 991 970 fortunae
1020 928 1166 984 plagis
1196 926 1389 970 afflictos
1420 936 1464 970 et
1493 943 1751 984 oppressos.

386 1010 535 1053 Vitam
562 1015 817 1051 terrestrem
845 1007 978 1062 igitur
1007 1007 1208 1062 quamvis
1240 1014 1407 1049 certum
1443 1007 1500 1049 sit
1535 1008 1750 1050 molestiis
1780 1007 1988 1051 refertam
2018 1022 2121 1050 esse
2157 1023 2287 1064 quam
2314 1008 2515 1063 plurimis
2544 1022 2692 1064 neque

250 1105 444 1149 unquam
471 1089 683 1131 laetitiam
721 1089 820 1145 ejus
849 1087 988 1139 vitae,
1028 1101 1159 1143 quam
1196 1088 1391 1129 nondum
1427 1087 1518 1128 nati
1548 1087 1756 1141 viximus,
1795 1088 2106 1145 aequiparare:
2146 1096 2291 1129 tamen
2329 1103 2417 1129 non
2457 1087 2695 1130 defuerunt

249 1169 448 1225 Euripidi
485 1167 775 1224 philosopho,
816 1167 976 1223 quibus
1006 1167 1064 1208 ad
1101 1167 1367 1222 aequitatem
1396 1166 1530 1208 animi
1560 1174 1603 1208 et
1632 1167 1988 1223 tranquillitatem
2017 1168 2252 1209 reduceret
2280 1167 2481 1210 homines
2511 1167 2694 1224 quibus-

250 1264 336 1306 que
364 1263 513 1290 rcrum
541 1248 832 1290 humanarum
861 1246 1157 1288 conditionem
1188 1246 1493 1287 demonstrare
1523 1246 1792 1287 anniteretur
1809 1246 2086 1300 probabilem
2115 1261 2219 1289 esse
2248 1261 2333 1288 nec
2363 1247 2479 1288 omni
2510 1246 2694 1288 destitu-

249 1336 340 1371 tam
366 1328 538 1370 ratione
577 1340 632 1368 ac
661 1339 938 1381 perversam,
967 1324 1171 1366 homines
1199 1331 1330 1366 natos
1362 1323 1493 1366 simul
1520 1325 1654 1367 rebus
1683 1324 1739 1366 iis
1769 1339 1872 1367 esse
1901 1326 2147 1381 praeditos,
2187 1326 2233 1366 in
2263 1325 2425 1381 quibus
2455 1325 2696 1368 conveniat

249 1407 539 1464 acquiescere
571 1404 644 1456 (cti
677 1419 814 1460 supra
841 1421 884 1459 p.
920 1404 1019 1455 15.).

1064 1481 1218 1537 Suppl.
1249 1497 1291 1524 v.
1321 1481 1416 1524 214.

929 1555 999 1620 ἆρ’
1035 1556 1085 1604 οὒ
1114 1563 1366 1620 τρυφῶμεν,
1398 1564 1512 1605 θεοῦ
1542 1560 1810 1618 κατασκευὴν
1837 1556 1923 1619 βίῳ

928 1636 1079 1691 δόντος
1108 1637 1323 1696 τοιαύτην,
1354 1634 1466 1684 οἷσιν
1496 1636 1573 1684 οἶικ
1603 1635 1730 1696 ἆρκεῖ
1746 1637 1864 1685 τάδε.

385 1720 586 1776 Namque
618 1733 674 1761 ex
704 1719 800 1775 ejus
832 1718 1050 1761 sententia
1078 1733 1168 1760 non
1200 1717 1455 1775 quidquam,
1496 1719 1612 1775 quod
1650 1719 1707 1761 sit
1736 1726 1996 1775 perpetuum
2025 1733 2081 1761 ac
2110 1718 2289 1771 stabile,
2325 1718 2609 1774 possidemus
2648 1725 2693 1761 et

251 1815 432 1856 corpus,
473 1815 560 1856 quo
589 1799 749 1842 utimur
779 1806 1002 1855 tamquam
1031 1799 1190 1842 mentis
1220 1798 1523 1854 receptaculo,
1560 1799 1863 1842 commorandi
1890 1799 2021 1842 nobis
2051 1806 2210 1842 natura
2239 1799 2562 1851 deversorium,
2601 1812 2692 1842 non

249 1878 478 1923 habitandi
508 1878 646 1931 dedit,
682 1877 791 1921 nulli
819 1878 892 1929 ita,
922 1884 970 1920 ut
998 1878 1225 1934 proprium
1252 1877 1437 1921 haberet
1465 1892 1519 1921 ac
1548 1885 1810 1933 perpetuum
1848 1880 1891 1930 ¹).
1950 1876 2031 1921 His
2063 1878 2117 1920 de
2146 1878 2282 1920 rebus
2312 1876 2554 1921 contulisse
2585 1892 2693 1921 con-

230 1957 371 2001 'ducit
398 1956 563 2000 Thesei
590 1957 731 2031 verba
759 1956 803 1998 in
834 1955 1121 2012 supplicibus
1152 1965 1195 2000 et
1223 1956 1432 2000 Jocastae
1462 1957 1507 1999 in
1536 1956 1812 2000 Phoenissis.

454 2036 611 2093 Suppl.
643 2053 684 2080 v.
717 2036 811 2080 531.
1677 2037 1845 2081 Phoen.
1875 2052 1918 2080 v.
1951 2036 2046 2081 566.

317 2113 469 2162 ἐάσατ’
504 2112 588 2175 ἤδη
619 2119 673 2175 γῇ
703 2117 992 2174 καλυφθῆναι
1021 2113 1212 2174 νεκρούς.
1541 2112 1665 2160 οῗὲτοι
1695 2116 1749 2160 τὰ
1775 2113 1964 2174 χρήματ’
1998 2114 2093 2160 ἴδια
2123 2115 2347 2172 κέκτηνται
2374 2115 2542 2174 βροτοὶ,

320 2195 430 2239 ὅθεν
460 2192 501 2239 δ’
535 2194 718 2239 ἕκαστον
748 2192 810 2245 εἷς
838 2193 888 2237 τὸ
920 2191 1035 2248 σῶμ’
1071 2191 1270 2252 ἀφίκετο,
1540 2196 1594 2239 τὰ
1624 2199 1710 2239 τῶν
1739 2198 1860 2239 θεῶν
1890 2193 1932 2239 δ’
1967 2193 2136 2249 ἐβζοντες
2165 2192 2516 2250 ἐπιμελούμεθα.

319 2271 504 2319 ἐνταῦθ’
539 2271 736 2331 ἀπῆλθε,
768 2275 942 2328 πνεῦμα
970 2273 1050 2328 μὲν
1079 2273 1193 2331 πρὸς
1224 2271 1402 2333 αἰθέρα,
1540 2274 1646 2319 ὅταν
1676 2275 1725 2320 δὲ
1749 2271 1959 2334 χρῄζιυσ’,
1991 2269 2087 2319 αὖτ’
2120 2271 2417 2334 ἀφαιροῦνται
2445 2271 2591 2318 πάλιν.

318 2355 368 2397 τὸ
400 2357 528 2409 σῶμα
559 2350 601 2395 δ’
636 2351 698 2404 εἷς
727 2355 819 2409 γῆν.
851 2348 948 2395 οὔτι
977 2352 1058 2410 γὰρ
1088 2350 1342 2409 κεκτήμεθα
1542 2352 1566 2397 ὃ
1598 2352 1640 2397 δ’
1674 2350 1825 2408 ὄλβιος
1854 2351 1907 2396 οὗ
1934 2353 2135 2408 βέβαιος,
2167 2350 2265 2396 ἄλλ’
2299 2350 2537 2412 ἐφήμερος.

318 2433 531 2492 ἡμέτερον
561 2430 682 2485 αὐτὸ,
713 2432 828 2489 πλὴν
857 2430 1081 2489 ἐνοικῆσαι
1108 2431 1219 2487 βίον.

319 2510 509 2557 κᾶπειτα
538 2513 616 2571 τὴν
645 2509 887 2572 θρέψασαν
917 2510 1023 2555 αὐτὸ
1055 2514 1122 2555 δεῖ
1149 2513 1296 2568 λαβεῖν
1328 2517 1381 2563 ²).

388 2594 503 2636 Huic
532 2595 665 2650 igitur
693 2594 946 2635 necessitati
974 2606 1210 2649 pareamus
1229 2606 1374 2649 neque
1393 2593 1529 2634 ullam
1556 2600 1632 2634 aut
1661 2593 1954 2636 calamitatem
1983 2601 2059 2636 aut
2079 2596 2302 2651 Jacturam
2320 2608 2456 2651 aegre
2485 2594 2697 2646 feramus,

253 2675 372 2718 vitae
401 2674 514 2715 ratio
545 2674 821 2724 cohortatur:
852 2673 999 2730 plagis
1019 2681 1063 2716 et
1081 2673 1512 2715 incommoditatibus
1542 2687 1698 2715 omnes
1727 2687 1833 2716 esse
1852 2675 2090 2725 obnoxios3
2121 2674 2250 2717 nefas
2271 2689 2387 2725 esse,
2417 2675 2586 2731 majora
2612 2688 2694 2729 po-

255 2767 402 2805 scere,
434 2766 566 2809 quam
595 2766 710 2809 quae
741 2766 962 2795 concessa
991 2754 1078 2794 sint
1107 2752 1293 2794 coelitus
1321 2751 1590 2803 hominibus3
1621 2752 1882 2794 mortalibus
1911 2753 2097 2796 ferenda
2125 2767 2229 2795 esse
2258 2754 2422 2805 omnia,
2461 2766 2577 2810 quae
2607 2754 2697 2795 sint

253 2832 521 2884 mortalium3
551 2846 642 2874 non
672 2833 833 2874 decere
862 2833 1016 2883 virum,
1047 2839 1231 2888 questus
1261 2832 1485 2874 effundere
1506 2838 1551 2874 et
1579 2832 1625 2873 in
1645 2847 1724 2875 ore
1742 2832 1911 2875 habere
1940 2832 2234 2883 calamitates3
2263 2833 2399 2874 vitam
2427 2833 2696 2874 mediocrem

256 2919 300 2954 et
328 2912 602 2953 moderatam
631 2911 837 2953 omnibus
866 2909 1199 2953 anteferendam
1228 2925 1332 2953 esse
1372 2911 1534 2953 ceteris
1563 2911 1696 2968 hujus
1725 2918 1872 2954 terrae
1901 2912 2096 2968 gaudiis,
2136 2912 2295 2968 quibus
2333 2909 2453 2952 stulti
2489 2910 2698 2954 homines

255 2998 300 3032 et
327 2990 433 3032 vani
463 2997 506 3032 et
534 2989 757 3032 ambitiosi
784 2990 955 3032 inhiare
985 2990 1171 3032 soleant.
1231 2990 1512 3045 Quapropter
1540 2991 1615 3043 iis,
1646 2985 1728 3047 'qui
1756 2991 1948 3033 miseriis
1978 2992 2301 3041 conflictantur,
2336 2996 2495 3031 auctor
2523 2997 2611 3041 cst,
2650 2997 2701 3032 ut

256 3083 370 3125 quae
400 3084 456 3112 ex
484 3075 670 3112 naturae
698 3068 800 3126 lege
828 3069 936 3112 fiant
966 3069 1096 3120 (κατὰ
1126 3066 1272 3129 φύσιν,
1303 3069 1352 3122 ἐξ
1378 3066 1578 3128 ἀνάγκης,
1608 3066 1774 3129 ἀνάγκῃ
1803 3067 1999 3129 φύσεως)
2021 3067 2251 3125 tranquille
2279 3067 2427 3111 ferant
2455 3075 2500 3112 et
2527 3069 2704 3124 patien-

333 3253 362 3298 ¹)
388 3251 435 3287 cs.
461 3252 605 3289 Lucret.
630 3251 690 3288 ΙΙΙ.
715 3252 794 3288 985.
818 3252 975 3301 vitaque
998 3253 1177 3301 mancipio
1201 3254 1289 3289 nulli
1314 3254 1434 3298 datur,
1458 3254 1624 3290 omnibus
1648 3265 1725 3289 usu.

331 3344 363 3388 ²)
387 3343 457 3378 Hic
480 3345 625 3390 quidem
649 3345 751 3381 locus
776 3346 995 3393 aptissimam
1019 3340 1226 3393 suppeditat
1248 3347 1447 3386 materiam,
1471 3356 1544 3392 qua
1566 3356 1659 3392 quos
1681 3347 1719 3380 in
1743 3355 1827 3387 usus
1849 3343 2033 3392 physicam
2056 3342 2323 3390 philosophiam
2345 3343 2497 3380 verterit
2510 3343 2701 3391 Euripides

390 3407 582 3448 appareat3
608 3401 684 3438 vult
708 3402 803 3438 enim
829 3414 894 3438 eos
917 3401 1157 3448 redarguere,
1176 3402 1237 3449 qui
1261 3402 1540 3450 hostesffcaesos
1564 3402 1757 3448 antiquitus
1778 3405 1980 3438 sanxerant
2001 3406 2100 3437 terra
2123 3411 2198 3436 non
2220 3401 2473 3448 contegendo:
2498 3411 2593 3437 esse.

2380 3458 2428 3493 ἵ.
