3117 3854
1363 151 1752 205 musae*

331 270 552 317 fundebat
578 271 790 315 alacritas
819 285 845 313 e
873 272 967 313 vita
993 272 1169 328 privata
1188 271 1392 327 singulos
1420 271 1617 313 traduxit
1635 272 1694 313 ad
1721 269 1866 313 forum
1896 284 2172 327 caussasque
2191 269 2447 326 populares.
2486 271 2574 321 Qui
2602 273 2781 329 quidem

334 357 516 404 temere,
544 357 593 394 ut
620 350 684 393 ita
713 349 871 402 dicam,
901 356 946 392 et
972 350 1304 393 inconsiderate
1330 349 1425 392 vita
1453 349 1539 393 frui
1569 350 1689 393 soliti
1716 348 1912 401 fuerant,
1942 363 2023 392 eos
2051 363 2170 391 nunc
2197 348 2400 392 videmus
2429 356 2621 394 mentem
2646 365 2777 396 revo-

334 443 470 473 casse
498 429 557 472 ad
586 441 767 471 cursum
796 434 841 471 et
870 428 1071 471 ordinem
1099 441 1247 471 rerum
1274 428 1566 471 humanarum
1586 428 1993 483 contemplandum3
2024 442 2111 484 qua
2129 428 2301 470 ratione
2329 429 2520 470 mundus
2548 438 2779 486 regeretur

333 514 468 552 antea
494 507 642 551 minus
672 506 839 550 curiosi
860 506 958 564 jam
986 497 1230 561 coeperunt
1258 506 1528 562 intelligere,
1557 518 1689 562 quam
1718 496 1808 547 sint
1834 505 1985 548 nullae
2013 506 2233 548 adversus
2263 506 2374 549 deos
2402 506 2628 550 hominum
2654 508 2777 553 vires

326 585 498 644 quique
537 585 686 629 onmia
722 591 988 641 putaverant
1025 597 1054 626 a
1083 597 1223 628 coeco
1262 586 1454 641 quodam
1482 597 1591 627 casu
1627 585 1846 639 pendere,
1874 598 1993 628 nunc
2030 584 2364 641 quaesiverunt,
2402 600 2460 628 an
2497 586 2778 642 providentia

335 665 555 722 quaedam
584 671 707 708 esset
737 663 904 715 divina,
944 676 1033 720 qua
1060 663 1180 707 mala
1207 663 1337 706 malis
1366 664 1716 719 rependerentur
1754 664 2033 720 adversaque
2073 671 2369 718 pensarentur
2407 665 2630 708 secundis.
2697 664 2778 709 Vi-

335 745 493 789 derant
521 743 657 796 enim,
696 743 742 785 in
771 742 859 786 hac
888 750 1010 786 terra
1037 742 1176 786 multa
1204 742 1382 786 evenire
1412 741 1540 784 aliter
1569 755 1624 785 ac
1654 749 1880 798 speratum
1907 741 1981 785 vel
2008 743 2263 798 praevisum
2293 751 2389 786 erat
2417 744 2473 786 ab
2502 744 2776 799 hominibus3

332 823 472 865 multa
499 821 622 866 felici
651 836 872 866 successu
898 823 1114 879 progredi
1142 837 1198 865 ac
1224 836 1305 878 pro
1334 822 1451 864 votis
1482 822 1660 874 cedere,
1690 837 1803 879 quae
1824 823 2078 878 perniciosa
2106 823 2192 866 sibi
2221 824 2521 876 crediderant3
2550 823 2641 868 alia
2661 839 2776 883 quae

331 900 496 946 faustis
525 907 821 957 susceperant
849 901 1082 953 ominibus,
1112 907 1273 945 eventu
1291 900 1413 943 finita
1442 913 1547 943 esse
1567 900 1886 943 infelicissimo.
1929 901 2081 957 ltaque
2110 914 2224 957 quae
2253 902 2471 945 bonorum
2491 910 2534 944 et
2561 903 2780 946 malorum

332 981 533 1039 origines
561 994 618 1025 ac
645 980 773 1033 fines,
803 993 920 1038 quae
949 980 1038 1024 sint
1064 982 1207 1024 bonae
1235 993 1310 1023 res
1340 979 1385 1022 in
1414 980 1508 1024 vita
1536 986 1579 1024 et
1608 979 1765 1034 malae,
1793 993 1898 1022 num
1925 980 2115 1022 mundus
2143 980 2316 1023 ratione
2345 988 2390 1023 et
2417 988 2563 1024 mente
2591 983 2777 1025 admini-

332 1066 498 1104 stretur
531 1072 590 1102 an
619 1072 733 1103 casu
769 1057 973 1112 fortuito,
1020 1059 1338 1115 provideantur
1366 1072 1395 1102 a
1432 1059 1518 1102 diis
1555 1059 1779 1102 hominum
1806 1060 1924 1102 vitae
1961 1072 2018 1102 an
2047 1061 2215 1111 minus,
2265 1061 2399 1101 animi
2436 1069 2581 1102 utrum
2609 1061 2775 1103 exstin-

330 1144 522 1196 guantur
548 1145 655 1194 post
682 1145 868 1182 mortem
886 1152 945 1182 an
973 1143 1243 1190 remaneant,
1270 1137 1388 1182 haec
1415 1138 1548 1196 idque
1577 1152 1720 1195 genus
1749 1138 1837 1181 alia
1855 1139 2040 1196 jamJam
2069 1145 2313 1194 occupatas
2343 1145 2577 1182 tenuerunt
2604 1147 2778 1183 mentes

331 1226 379 1262 et
407 1219 716 1275 cogitationes.
775 1219 903 1268 Quae
937 1220 1057 1262 unde
1091 1217 1228 1261 liceat
1268 1217 1309 1261 si
1339 1218 1519 1276 quaeris
1557 1218 1778 1270 divinare,
1816 1219 1956 1262 adeas
1991 1218 2126 1262 velim
2155 1217 2447 1271 Herodotum,
2484 1218 2776 1276 Aeschylum,

331 1297 618 1352 Sophoclem,
638 1297 908 1353 Euripidem.
965 1297 1170 1354 Namque
1199 1295 1483 1340 manifestum
1513 1304 1594 1349 est,
1625 1297 1821 1354 tragicos
1840 1297 2053 1353 imprimis
2081 1305 2241 1353 poetas
2269 1297 2518 1350 laborasse,
2547 1305 2596 1341 ut
2623 1311 2777 1341 earum

332 1376 645 1432 quaestionum
675 1374 912 1419 difficultas
931 1375 1246 1433 profligaretur
1266 1381 1310 1418 et
1328 1375 1387 1418 ad
1415 1375 1629 1432 liquidum
1648 1377 1997 1432 perducerentur
2025 1376 2316 1432 gravissimae
2335 1376 2423 1419 hae
2454 1377 2777 1432 disputationes

329 1467 478 1512 neque
505 1452 710 1510 profecto
737 1455 894 1511 negari
921 1460 1091 1510 potest,
1120 1453 1295 1496 illorum
1322 1453 1601 1509 potissimum
1631 1455 1799 1497 auxilio
1830 1462 1872 1498 et
1895 1468 2041 1510 opera
2068 1455 2407 1498 Atheniensium
2435 1456 2608 1499 animos
2636 1456 2775 1498 maxi·

329 1546 514 1588 mopere
552 1532 726 1575 excitos
773 1547 879 1576 esse
908 1539 1042 1590 atque
1079 1532 1376 1576 confirmatos.
1443 1533 1486 1576 A
1514 1532 1698 1589 tragicis
1728 1533 1846 1576 enim
1873 1533 2020 1589 poetis
2054 1533 2217 1576 multae
2247 1547 2361 1590 quas
2389 1548 2418 1576 a
2446 1535 2589 1590 prima
2627 1540 2774 1578 aetate

332 1610 500 1655 Graeci
527 1612 795 1655 imbiberant
822 1611 1057 1668 opiniones
1085 1617 1283 1655 remotae
1322 1617 1366 1655 et
1395 1624 1450 1655 ea
1477 1610 1692 1664 refutata,
1729 1625 1844 1668 quae
1871 1611 2037 1669 vulgus
2064 1625 2203 1668 prave
2234 1618 2439 1655 senserat
2469 1612 2524 1657 de
2559 1612 2657 1654 diis.
2717 1611 2776 1655 Bi

331 1690 452 1734 enim
486 1697 648 1746 poetae
685 1690 954 1743 docuerunt,
992 1691 1052 1734 ad
1090 1690 1201 1735 deos
1239 1703 1331 1734 non
1368 1689 1679 1735 transferenda
1708 1705 1811 1735 esse
1849 1691 2043 1735 humana
2070 1692 2177 1743 ista,
2215 1704 2306 1734 non
2340 1691 2563 1748 pertinere
2597 1691 2658 1733 ad
2693 1705 2776 1735 eos

330 1769 569 1826 quiequam
604 1769 712 1812 vitia
746 1768 974 1812 hominum
1010 1783 1157 1826 neque
1194 1769 1454 1825 injustitiam
1490 1769 1564 1814 vel
1601 1770 1828 1823 invidiam3
1867 1783 1923 1813 ac
1961 1771 2097 1814 rebus
2133 1770 2395 1814 mortalibus
2432 1784 2521 1813 non
2559 1772 2776 1813 dominari

328 1849 553 1890 fortunam
580 1850 786 1912 insaniam
824 1857 870 1890 et
899 1864 1104 1899 coecam,
1152 1847 1291 1891 satum
1319 1864 1410 1892 non
1438 1848 1569 1901 illud,
1617 1863 1645 1893 a
1674 1864 1761 1905 quo
1792 1863 1946 1895 omnes
1977 1849 2074 1895 sine
2105 1848 2359 1895 discrimine
2388 1848 2590 1895 insontes
2620 1855 2776 1895 sontes

329 1926 657 1970 calamitatibus
686 1927 1063 1983 opprimerentur,
1103 1927 1186 1970 sed
1215 1940 1244 1970 a
1272 1941 1359 1983 quo
1389 1925 1498 1970 nihil
1528 1926 1793 1971 destinatum
1822 1934 1965 1980 esset,
2001 1927 2088 1971 nisi
2118 1928 2234 1984 quod
2266 1927 2524 1971 conveniret
2550 1927 2775 1971 hominum

330 2007 491 2049 studiis
522 2013 567 2048 et
593 2007 842 2048 rationibus
870 2010 915 2056 ¹).

444 2083 592 2140 Atque
620 2084 961 2127 Atheniensium
994 2091 1167 2126 mentes
1202 2084 1273 2127 his
1310 2086 1446 2126 rebus
1494 2086 1689 2128 intentae
1727 2092 1894 2127 tantum
1923 2082 2050 2137 afuit,
2089 2092 2136 2127 ut
2171 2092 2380 2128 recusata
2419 2084 2619 2128 doctrina
2655 2097 2775 2129 nova

327 2160 557 2204 mordicus
584 2167 789 2204 tenerent
817 2162 1052 2217 opiniones
1082 2174 1203 2214 suas,
1231 2169 1281 2204 ut
1307 2163 1458 2218 potius
1486 2163 1595 2205 nihil
1624 2164 1848 2221 antiquius
1866 2163 2098 2214 haberent,
2130 2176 2262 2219 quam
2289 2170 2337 2204 ut
2366 2163 2511 2205 animo
2541 2163 2776 2219 infigerent

328 2240 569 2297 praeclara
597 2247 642 2283 et
668 2253 778 2283 vera
803 2240 1075 2296 tragicorum
1103 2241 1282 2284 monita.
1328 2242 1459 2290 Quod
1488 2243 1527 2284 si
1555 2254 1710 2285 verum
1739 2250 1830 2295 est,
1860 2250 1980 2285 artes
2000 2241 2060 2284 ali
2088 2241 2352 2291 honoribus,
2382 2242 2458 2284 ubi
2487 2242 2665 2284 tandem
2692 2256 2773 2298 po·

330 2329 510 2365 tuerunt
538 2318 720 2363 uberius
755 2317 1064 2374 efflorescere,
1115 2333 1246 2378 quam
1274 2321 1395 2378 apud
1425 2318 1627 2364 Graecos
1655 2320 1880 2373 homines,
1930 2321 2004 2377 qui
2032 2320 2208 2377 ingenio
2239 2327 2282 2363 et
2312 2319 2458 2363 studio
2494 2321 2775 2365 abundantes

404 2459 433 2503 ¹)
463 2456 594 2494 Liceat
623 2468 715 2503 rogo
745 2459 783 2493 in
812 2459 1024 2493 memoriam
1053 2469 1247 2500 revocare,
1281 2470 1376 2504 quae
1407 2458 1525 2505 legisti
1555 2458 1650 2505 apud
1678 2457 1904 2493 Herodotum
1929 2456 1956 2492 l.
1988 2456 2043 2493 32.
2075 2453 2319 2504 ἐπιστάμενόν
2346 2469 2392 2504 με
2423 2460 2557 2494 θεῖον
2588 2458 2680 2493 πᾶν
2709 2456 2775 2495 ἔον

465 2510 709 2561 φθονερόν
731 2525 767 2549 τε
791 2514 853 2547 καὶ
876 2513 1151 2562 ταραχῶδες·
1178 2514 1237 2550 ΙΙΙ.
1256 2515 1310 2549 40.
1327 2515 1412 2563 ἐμοὶ
1436 2515 1478 2551 δὲ
1502 2516 1541 2550 αἱ
1564 2518 1626 2550 σαὶ
1649 2513 1853 2562 μεγάλαι
1876 2514 2083 2559 εὐτυχίαι
2107 2513 2173 2548 οὐκ
2197 2513 2404 2559 ἀρέσκουσι,
2429 2511 2469 2548 τὸ
2493 2516 2598 2549 θεῖον
2622 2513 2775 2550 ἐπιστα-

462 2573 564 2618 μένῳ
596 2568 644 2609 ὡς
676 2570 752 2604 ἔστι
788 2567 1032 2616 φθονερόν·
1062 2588 1109 2597 -
1135 2570 1212 2607 vn.
1248 2571 1301 2608 10.
1334 2569 1354 2607 ὁ
1385 2571 1496 2611 θεὸς
1535 2569 1789 2618 φθονήσας.
1821 2590 1868 2598 -
1894 2569 2023 2616 Longe
2062 2570 2165 2607 aliter
2194 2571 2308 2607 sensit
2338 2571 2557 2617 Aeschylus,
2590 2571 2690 2617 cujus
2719 2572 2772 2606 in·

464 2627 613 2674 genium
642 2638 761 2673 neque
794 2625 972 2674 ejusmodi
1002 2626 1193 2663 imbiberat
1223 2628 1414 2676 opiniones
1445 2627 1493 2664 de
1517 2633 1647 2664 natura
1669 2626 1832 2663 Deorum
1856 2637 1925 2662 nec
1956 2638 2035 2662 cum
2061 2627 2190 2662 eodem
2213 2627 2405 2662 Herodoto
2429 2626 2494 2670 (cs.
2519 2626 2772 2663 Hoffmeister:

464 2684 806 2731 Sittlich·religi6se
836 2684 1126 2720 Lebensansicht
1157 2683 1223 2719 des
1253 2684 1461 2720 Herodotus
1491 2696 1529 2732 p.
1554 2685 1594 2720 21
1621 2704 1666 2711 —
1689 2683 1751 2727 28)
1784 2685 1941 2725 censuit,
1974 2695 1995 2719 e
2026 2683 2134 2720 rebus
2165 2683 2334 2720 secundis
2366 2684 2586 2719 necessitate
2615 2682 2773 2730 quadam

466 2751 639 2775 emanare
669 2751 730 2775 res
760 2740 953 2775 adversas:
985 2741 1094 2776 immo
1123 2741 1318 2787 gubernari
1350 2741 1472 2777 docuit
1493 2753 1554 2777 res
1582 2741 1758 2777 humanas
1782 2742 1862 2788 ipso
1886 2741 2009 2776 divino
2034 2740 2190 2788 quodam
2221 2740 2388 2783 numine3
2422 2751 2442 2775 e
2466 2739 2542 2776 sato
2564 2740 2773 2775 homInibus

462 2797 553 2832 nihil
576 2797 809 2843 contingere,
840 2797 909 2833 nisi
933 2796 1031 2843 quod
1057 2797 1193 2844 justum
1218 2803 1255 2833 et
1286 2804 1569 2834 consentaneum
1592 2799 1640 2833 sit
1663 2796 1847 2833 hominum
1870 2796 2085 2840 rationibus3
2118 2806 2168 2832 ex
2192 2797 2378 2844 impietate
2403 2802 2439 2830 et
2460 2795 2626 2843 improbo
2650 2796 2772 2831 animo

462 2854 624 2900 origines
648 2854 792 2889 trahere
816 2864 942 2889 eorum
966 2855 1130 2890 miserias
1154 2861 1190 2889 et
1212 2866 1367 2901 poenas.
1415 2855 1636 2891 Recorderis
1660 2841 1786 2896 velim,
1811 2864 1905 2900 quae
1929 2853 2085 2899 tragicus
2108 2853 2145 2889 in
2168 2853 2294 2889 Persis
2317 2851 2467 2889 Darium
2490 2851 2772 2900 respondentem

463 2909 553 2946 facit
582 2909 732 2946 senibus
764 2909 878 2947 choro
909 2909 1095 2958 cladisque
1126 2911 1275 2954 nuncio,
1306 2913 1365 2958 qui
1398 2922 1420 2947 a
1441 2911 1604 2948 Deorum
1635 2910 1773 2948 invidia
1801 2910 1959 2956 doloque
1984 2911 2035 2954 (v.
2060 2909 2116 2944 94.
2143 2907 2355 2958 Δολόμητιν
2387 2905 2573 2944 (Nimium
2602 2909 2694 2944 θεοῦ
2719 2911 2772 2947 τίς

462 2964 556 3014 ἀνὴρ
585 2965 721 3007 θνατὸς
746 2963 893 3007 ἀλύξεις
914 2984 960 2992 -
982 2977 1016 3002 v.
1044 2966 1122 3003 300.
1148 2966 1192 3002 οὐ
1217 2969 1333 3008 ξυνεὶς
1363 2966 1477 3003 δόλον
1491 2967 1666 3011 Ἕλληνος
1691 2965 1826 3014 ἀνδρὸς
1856 2966 1944 3001 οὐδὲ
1967 2965 2031 3001 τὸν
2060 2967 2160 3001 θεῶν
2183 2964 2344 3012 φθόνον.
2368 2968 2430 3009 ·-)
2455 2971 2646 3001 censerent
2667 2975 2772 3011 repe·

460 3022 592 3058 tendas
616 3033 699 3057 esse
722 3024 847 3059 clades
870 3023 1080 3058 Persarum.
1106 3024 1153 3059 ct'.
1177 3025 1284 3059 Pers.
1309 3036 1345 3059 v.
1372 3025 1452 3061 742.
1476 3044 1523 3052 -
1546 3037 1582 3061 v.
1601 3024 1681 3060 749.
1707 3044 1752 3049 —
1774 3035 1811 3060 v.
1830 3023 1909 3059 780.
1935 3042 1981 3051 -
2002 3034 2038 3058 v.
2055 3022 2135 3059 808.
2151 3042 2198 3051 —
2221 3035 2256 3059 ν.
2282 3021 2366 3059 827.
2400 3018 2492 3062 Ζεύς
2515 3034 2572 3058 τοι
2596 3018 2773 3065 κολαστὴς

460 3080 537 3115 τῶν
551 3076 799 3126 ὑπερκόμπαν
814 3077 911 3124 ι’ίγαν
928 3077 1183 3126 Φρονημᾶτων
1199 3081 1346 3117 ἔπεστιν
1366 3080 1523 3122 εὔθυνος
1537 3078 1663 3131 βαρύς.
1680 3100 1725 3107 —-
1740 3078 1943 3116 Praeterea
1957 3078 2196 3126 perlustrasse
2214 3079 2365 3127 expedit
2378 3081 2505 3126 Agam.
2523 3090 2559 3115 v.
2578 3079 2657 3115 ⁷05³.

528 3136 771 3181 Παλαίφατος
792 3134 875 3171 δ’ἰν
889 3138 964 3175 τοῖς
982 3138 1128 3184 βροτοῖς
1142 3137 1262 3185 γέρων
1277 3134 1386 3184 λόγος
1400 3139 1574 3183 τέτυκται,
1690 3136 1775 3183 δίχα
1800 3133 1962 3171 δ’ὅλλων
1976 3133 2182 3185 μονόφρων
2197 3138 2286 3184 εἰμί.
2304 3135 2344 3171 τὸ
2367 3134 2441 3185 γὰρ
2464 3134 2638 3179 δυσσεβὲς
2660 3134 2774 3183 ἔργον

528 3192 651 3239 μέγαν
672 3192 888 3228 τελεσθέντα
911 3191 1032 3239 φωτὸς
1056 3189 1168 3238 ὄλβον
1686 3192 1777 3242 μετὰ
1800 3193 1873 3241 μὲν
1895 3195 2048 3228 πλείονα
2070 3196 2178 3228 τίκτει

528 3249 752 3284 τεκνοῦσθαι
773 3244 862 3296 μήδ’
890 3244 1035 3284 ἄπαιδα
1058 3247 1246 3293 θνήσκειν.
1688 3253 1846 3301 σφετέρᾳ
1868 3246 2030 3286 δἐἲκότα
2052 3250 2178 3296 γεννᾷ,

530 3305 573 3340 ἐκ
596 3304 630 3340 δ’
636 3304 785 3351 ἀγαθᾶς
806 3304 916 3352 τύχας
938 3308 1038 3352 γένει
1688 3309 1799 3343 οἴκων
1822 3304 1915 3353 δ’ἐίρ
1943 3305 2152 3342 εὐθυδίκων

529 3359 749 3407 βλαστάνειν
771 3360 971 3412 ἀκόρεστον
994 3360 1105 3404 οἰζύν.
1686 3365 1878 3403 καλλίπαις
1901 3359 2039 3411 πότμος
2061 3361 2130 3400 ἀεί.
2156 3374 2213 3409 sq.
