3117 3854
1380 136 1592 193 aas
1659 147 1773 190 mex

490 262 619 306 Haec
646 269 792 305 tamen
821 261 969 303 omnia
999 274 1099 303 cum
1126 261 1323 302 nondum
1352 260 1411 301 ad
1438 259 1654 317 liquidum
1683 261 1896 317 perducta
1924 259 2013 302 sint
2041 271 2069 301 a
2097 274 2332 318 quoquam,
2361 268 2421 315 ut,
2451 276 2565 320 quae
2595 268 2639 305 et
2658 265 2803 320 qualis

352 339 488 386 fuerit
514 341 739 396 Euripidis
777 339 1064 396 philosophia
1099 340 1144 381 in
1174 340 1432 395 tragoedias
1464 341 1672 392 deducta,
1708 353 1851 395 paene
1880 340 1925 381 in
1955 338 2130 381 occulto
2161 340 2239 392 sit,
2276 353 2351 382 res
2381 342 2492 384 satis
2532 342 2667 399 digna
2702 343 2804 386 visa

354 428 438 472 est,
468 433 582 476 quae
612 419 667 461 de
696 418 874 475 integro
895 419 1170 462 examinetur
1189 433 1245 460 ac
1265 419 1493 461 doceatur.
1534 419 1590 462 Et
1609 419 1820 462 universa
1841 419 2029 475 quidem,
2059 432 2189 475 quam
2208 432 2327 461 nunc
2345 419 2637 474 instituemus,
2667 435 2802 479 quae·

353 499 441 542 stio
470 498 682 552 bipartita
711 499 805 549 erit,
836 500 964 554 cujus
993 498 1136 539 altera
1163 512 1294 552 pam,
1327 506 1546 554 quatenus
1577 501 1633 540 ab
1663 499 1938 553 Anaxagora
1965 498 2253 553 physicorum
2282 506 2464 539 auctore
2492 501 2687 553 pendeat
2713 502 2802 543 Eu-

353 576 544 633 ripides,
583 575 888 633 investigabit3
918 576 1078 628 altera,
1121 591 1234 633 quos
1266 577 1310 618 iu
1340 591 1449 620 usus
1478 577 1711 633 physicam
1741 577 2069 631 philosophiam
2097 576 2172 619 ille
2201 577 2395 620 verterit.
2455 578 2653 626 Quorum
2682 581 2802 635 quod

351 656 542 714 primum
569 656 817 712 posuimus,
845 655 1006 712 paucis
1034 655 1141 698 licet
1170 655 1420 698 absolvere.
1480 656 1595 696 Nam
1624 656 1835 712 quidquid
1863 655 1951 697 huc
1979 655 2181 711 pertinet,
2215 655 2544 699 Valkenarii
2574 657 2803 714 diligentia

351 741 527 791 prostat
563 739 618 787 ¹),
655 748 922 792 quamquam
950 749 1042 778 non
1071 736 1134 778 ita
1164 735 1424 790 dispositum
1461 741 1504 775 et
1533 734 1575 775 in
1608 734 1807 777 ordinem
1839 734 2075 790 digestum,
2111 741 2158 776 ut
2195 735 2300 792 quid
2338 736 2424 779 sibi
2459 736 2649 780 voluerit
2675 737 2801 780 Euri·

351 814 483 870 pides
513 813 722 872 aliudque
753 829 810 858 ex
840 814 929 858 alio
960 830 1048 872 qua
1077 815 1248 858 ratione
1279 821 1427 869 aptum
1457 813 1525 864 sit,
1555 813 1793 868 perspicue
1822 812 2102 869 intelligatur.

491 894 539 937 ln
569 893 873 951 Anaxagorae
902 894 1188 951 philosophia
1217 901 1437 949 tamquam
1466 893 1510 934 in
1542 891 1827 935 fundamento
1857 892 1936 934 niti
1964 892 2248 948 Euripideum
2279 894 2364 937 etsi
2394 895 2689 939 certissimum
2718 904 2801 949 est,

355 974 533 1016 minime
572 980 719 1016 tamen
759 974 821 1017 ita
856 975 914 1017 ab
955 976 1052 1031 ejus
1090 989 1167 1017 ore
1204 974 1456 1026 dependere
1486 973 1660 1014 videtur
1694 980 1847 1027 poeta,
1884 980 1932 1014 ut
1970 986 2259 1028 quaecunque
2296 976 2576 1029 praeceptori
2612 978 2802 1031 probata

352 1051 520 1094 audivit
550 1051 799 1109 discipulus
830 1060 1051 1110 tamquam
1079 1052 1357 1108 praescripta
1387 1052 1612 1107 acciperet
1643 1058 1686 1093 et
1726 1052 1904 1093 decreta
1914 1066 1924 1102 3
1964 1051 2095 1093 immo
2124 1066 2232 1093 vero
2271 1051 2316 1093 in
2353 1067 2402 1094 re
2438 1054 2649 1109 primaria
2676 1062 2801 1099 tanta

352 1137 422 1172 est
452 1144 510 1172 ex
537 1144 640 1173 mea
669 1133 889 1174 sententia
919 1146 1069 1174 eorum
1100 1132 1418 1186 discrepantia,
1457 1139 1504 1171 ut
1533 1139 1669 1172 totam
1698 1131 1922 1185 Euripidis
1952 1130 2280 1185 philosophiam
2302 1132 2405 1187 jure
2435 1134 2626 1188 quodam
2654 1148 2800 1189 paene

349 1207 485 1251 aliam
515 1222 658 1265 queas
686 1209 927 1253 nominare.
985 1210 1034 1251 lu
1062 1209 1377 1265 Anaxagoreis
1407 1210 1523 1252 enim
1563 1210 1681 1266 quod
1710 1209 1884 1251 Platoni
1917 1212 1970 1261 ²),
2007 1208 2238 1257 Aristoteli
2272 1212 2328 1260 ³),
2361 1209 2462 1251 aliis
2495 1213 2531 1261 ⁴)
2563 1211 2799 1255 offensioni

352 1285 446 1341 fuit,
476 1287 675 1331 Mentem
704 1288 777 1332 vel
796 1288 950 1341 Deum,
979 1295 1218 1346 postquam
1247 1295 1367 1330 motu
1398 1287 1537 1330 semel
1567 1287 1815 1344 impulisset
1844 1287 2065 1330 materiam
2096 1288 2409 1345 quiescentem,
2438 1287 2547 1331 nihil
2576 1290 2798 1345 pertinere

353 1366 416 1409 ad
454 1380 530 1410 res
561 1367 884 1410 describendas
925 1374 968 1410 et
1009 1368 1299 1419 ordinandas,
1340 1367 1455 1409 idem
1491 1367 1666 1409 videtur
1702 1367 1902 1422 Euripidi
1943 1366 2237 1422 displicuisse.
2306 1367 2540 1425 Utcunque
2577 1376 2662 1421 est,
2701 1371 2798 1414 sive

349 1446 516 1489 rectius
544 1447 775 1503 perspexit
803 1455 1140 1504 praeceptorem
1170 1447 1355 1489 Platone
1386 1454 1429 1489 et
1457 1446 1716 1497 Aristotele,
1752 1447 1846 1489 sive
1876 1446 2058 1488 mutavit
2085 1445 2383 1503 Anaxagorae
2412 1455 2674 1505 praecepta,
2709 1450 2798 1493 Eu·

348 1524 518 1580 ripides
546 1538 658 1578 non,
695 1533 744 1568 ut
771 1526 1071 1584 Anaxagoras
1108 1526 1317 1569 docuisse
1355 1525 1490 1582 vulgo
1521 1533 1716 1581 putatur,
1757 1532 1936 1580 praeter
1974 1525 2156 1568 aethera
2193 1526 2282 1568 vim
2318 1528 2542 1584 quandam
2572 1542 2674 1571 esse
2704 1543 2797 1572 mo-

348 1605 487 1647 vendi
515 1604 590 1646 vel
628 1613 820 1648 mentem
860 1607 1048 1657 censuit,
1088 1608 1169 1648 sed
1207 1606 1353 1660 ipsum
1385 1605 1579 1647 Aethera
1609 1605 1876 1646 animantem
1904 1604 2127 1659 perhibuit
2155 1613 2344 1648 mentem
2382 1620 2485 1649 esse
2522 1607 2714 1650 divinam
2752 1616 2798 1651 et

348 1696 513 1725 numen
544 1682 740 1726 divinum
770 1690 814 1727 et
842 1683 930 1726 vim
959 1692 1206 1727 moventem
1240 1688 1290 1733 5).

483 1887 549 1924 sed
572 1887 806 1924 fidelissimus
835 1893 872 1923 et
896 1892 1065 1923 constans
1091 1888 1204 1922 cultor
1228 1893 1262 1922 et
1287 1893 1428 1931 cust0s3
1462 1887 1584 1921 omnia
1616 1887 1710 1920 enim
1743 1886 1862 1931 magni
1888 1887 2047 1931 magistri
2070 1892 2266 1933 praecepta
2289 1889 2522 1922 conservavit
2546 1894 2581 1923 et
2605 1899 2728 1924 secum
2755 1890 2792 1924 in

485 1956 665 1981 musarum
689 1951 811 1979 castra
834 1944 965 1981 intulit.
991 1944 1085 1979 adeo
1111 1951 1145 1978 ut
1169 1951 1250 1990 post
1275 1944 1357 1979 hinc
1382 1943 1597 1978 cothurnata
1621 1942 1773 1977 audierit
1795 1941 2026 1988 philosophia
2051 1949 2085 1976 et
2111 1943 2187 1988 ipse
2213 1943 2415 1989 emphatice
2439 1944 2613 1978 Scenicus
2637 1944 2797 1990 philoso-

483 2002 578 2049 phus
600 2003 646 2036 sit
669 2002 825 2036 dietus.“
849 2023 894 2028 -—-
918 2002 987 2042 ..Et
1010 2013 1100 2036 sane
1124 2002 1159 2035 id
1183 2002 1250 2036 sibi
1274 2003 1468 2048 praecipue
1493 1999 1682 2045 Euripides
1707 2000 1742 2033 in
1767 1999 1931 2033 omnibus
1962 2000 2036 2033 suis
2068 1998 2197 2033 sabulis
2221 2000 2454 2045 proposuisse
2478 2000 2639 2043 videtur,
2674 2008 2711 2036 ut
2734 2014 2795 2036 au-

489 2058 663 2094 ditoribus
687 2060 761 2094 suis
779 2071 886 2104 quam
912 2059 1072 2094 maxime
1096 2058 1285 2104 prodesset
1311 2065 1345 2093 et
1362 2071 1428 2104 per
1444 2056 1626 2103 jucundas
1652 2057 1847 2091 carminum
1873 2062 1908 2091 et
1932 2055 2133 2091 fabularum
2159 2056 2331 2102 ambages
2357 2057 2483 2092 animis
2509 2069 2632 2093 eorum
2656 2060 2795 2094 virtutis

487 2126 649 2151 amorem
674 2123 710 2152 et
733 2115 837 2162 hujus
862 2115 958 2150 vitae
984 2120 1228 2163 contemptum
1254 2114 1460 2157 instillaret3
1487 2119 1524 2149 nt
1548 2113 1670 2148 onmia
1693 2111 1848 2158 deniqne
1866 2113 2022 2159 pietatis,
2049 2111 2286 2155 constantiae,
2311 2112 2525 2160 prudentiae
2543 2119 2579 2148 et
2600 2115 2796 2161 patientiae

483 2177 682 2219 praecepta
704 2177 866 2207 veterum
892 2172 1041 2206 heroum
1075 2172 1254 2218 exemplis
1286 2172 1558 2212 cohonestare13
1592 2171 1748 2214 denique
1772 2170 1985 2215 optimarum
2008 2171 2267 2203 sententiarum
2293 2171 2565 2215 repetitionibus
2588 2172 2662 2206 suis
2688 2173 2796 2207 Athe·

484 2228 671 2264 niensibus
687 2227 926 2264 inculcare-tx<
948 2249 994 2255 —
1017 2227 1226 2274 ...Quidquid
1253 2228 1501 2274 magnanimus
1527 2226 1586 2262 ille
1611 2232 1889 2272 praeceptor
1921 2224 2112 2261 honorifici
2137 2225 2183 2260 de.
2207 2224 2289 2261 Deo
2314 2238 2468 2272 unquam
2493 2226 2631 2263 locutus
2656 2235 2711 2264 est
2735 2235 2799 2264 aut

482 2285 670 2332 sapienter
694 2285 739 2319 de
764 2284 923 2326 Natura.
956 2285 993 2319 id
1018 2285 1156 2320 civibus
1179 2287 1253 2320 suis
1279 2285 1488 2332 frequenter
1512 2284 1736 2331 propinavitg
1768 2294 1835 2318 nec
1864 2282 2056 2317 subtimide
2089 2288 2125 2316 et
2155 2282 2359 2317 clanculum*
2384 2283 2421 2317 id
2446 2282 2548 2324 fecit,
2579 2284 2646 2318 sed
2671 2291 2797 2331 aperte

481 2341 621 2389 populo
646 2341 811 2377 exhibuit
832 2342 1007 2377 salutaria
1031 2342 1177 2377 moralis
1201 2342 1402 2388 sapientiae
1427 2341 1609 2385 dogmata,
1625 2339 1770 2385 poetico
1795 2345 1913 2373 tamen
1939 2338 2087 2373 dulcore
2113 2339 2282 2374 emollita.
2300 2359 2346 2364 —-
2363 2339 2408 2374 cs.
2428 2339 2581 2375 Barnes.
2599 2340 2647 2375 ad
2663 2340 2795 2377 Troad.

482 2409 520 2434 v.
545 2398 626 2434 681.
652 2397 806 2439 ..Theon
838 2399 1002 2445 sophista
1030 2400 1169 2434 notavit
1192 2398 1415 2444 Euripidem,
1441 2396 1495 2432 ὅτι
1519 2396 1618 2442 παρὰ
1648 2395 1777 2441 καιρὸν
1800 2395 1896 2440 αὐτῷ
1918 2392 2053 2438 Ἑκάβη
2083 2397 2293 2441 φιλοσοφεῖ.
2341 2395 2415 2430 Sed
2440 2396 2469 2430 T
2472 2396 2567 2431 beon
2597 2397 2795 2440 nesciebat,

484 2452 583 2499 quod
606 2452 795 2501 Euripides
817 2464 907 2500 prae
931 2464 1070 2488 summo
1095 2453 1240 2489 moralis
1264 2453 1517 2501 philosophiae
1541 2453 1676 2493 studio,
1707 2457 1743 2487 ut
1767 2452 1864 2488 illam
1891 2452 2035 2486 auribus
2060 2457 2095 2486 et
2119 2453 2244 2487 animis
2270 2453 2452 2488 hominum
2477 2452 2683 2495 instillaret,
2710 2453 2796 2488 artis

482 2511 652 2557 poeticae
681 2510 804 2556 paullo
839 2510 1080 2555 negligentior
1111 2511 1202 2544 ultro
1227 2511 1340 2544 videri
1372 2511 1525 2545 voluit.··'
1556 2529 1601 2535 —
1632 2510 1763 2545 Paullo
1790 2517 1871 2556 post
1897 2510 2091 2544 adduntur:
2126 2509 2245 2548 ..auin
2279 2510 2445 2555 Origines
2475 2516 2599 2544 noster
2621 2513 2670 2553 (c.
2698 2510 2795 2546 Cels.

482 2566 547 2601 W.
571 2578 608 2612 p.
635 2565 734 2608 214.)
758 2566 869 2604 dixit,
903 2565 1000 2611 quod
1024 2566 1212 2612 Euripides
1243 2573 1338 2600 esset
1362 2567 1607 2613 Philosophus
1632 2568 1667 2600 in
1693 2569 1834 2606 scena,
1869 2564 1887 2599 ὁ
1913 2564 2003 2600 κατά
2035 2580 2136 2605 τινας
2159 2566 2331 2610 σκηνικὰς
2355 2565 2565 2614 φιλόσοφος
2580 2569 2641 2601 καὶ
2658 2577 2797 2612 φυσιο-

482 2623 611 2669 λογίας
633 2623 695 2667 τῆς
713 2620 962 2670 Ἀναξαγόρου
985 2621 1200 2671 ἀκροατὴς.“
1226 2644 1270 2650 -
1294 2623 1339 2661 cf.
1363 2623 1422 2661 Jd.
1451 2624 1497 2661 ad
1522 2624 1664 2662 Phoen.
1691 2636 1726 2661 v.
1753 2623 1834 2661 549.
1860 2643 1905 2651 -·

425 2691 455 2736 ¹)
477 2690 658 2728 Valcken.
682 2691 708 2727 1.
734 2704 764 2728 c.
790 2704 871 2739 cap.
898 2691 960 2729 W.
986 2712 1031 2719 -
1054 2691 1133 2728 vn.

424 2760 455 2803 2)
478 2758 576 2795 Plat.
602 2759 744 2795 phaed.
769 2772 804 2806 p.
831 2760 889 2796 98.
918 2772 950 2796 c.
977 2759 1052 2795 ἀπὸ
1078 2760 1120 2795 δὲ
1151 2762 1384 2808 θαυμαστῆς,
1417 2757 1445 2795 ni
1475 2761 1609 2807 ἑταῖρε.
1641 2760 1791 2799 ἐλπίδος
1815 2758 1967 2807 ᾠχόμην
1990 2758 2209 2808 φερόμενος.
2241 2760 2366 2804 ἐπειδὴ
2400 2759 2541 2807 προϊὼν
2572 2760 2633 2794 καὶ
2662 2759 2798 2805 ἀναγι-

479 2812 662 2861 γνώσκων
685 2813 759 2862 ὁρῶ
783 2813 904 2862 ἄνδρα
927 2818 976 2860 τῷ
999 2817 1071 2863 μὲν
1095 2819 1145 2862 νῷ
1172 2817 1283 2852 οὐδὲν
1302 2816 1498 2864 χρώμενον
1522 2818 1614 2852 οὐδὲ
1635 2831 1733 2855 τινας
1751 2820 1865 2855 αἰτίας
1882 2815 2147 2864 {monumentor
2162 2821 2211 2856 εἰς
2227 2817 2266 2852 τὸ
2284 2818 2501 2864 διακοσμεῖν
2516 2817 2558 2852 τὰ
2583 2814 2795 2863 πράγματα,

481 2871 589 2919 ἀέρας
613 2871 656 2907 δὲ
680 2873 742 2907 καὶ
765 2874 918 2919 αἰθέρας
940 2874 1000 2907 καὶ
1026 2870 1138 2909 ὕδατα
1164 2871 1382 2921 αἰτιώμενον
1405 2876 1466 2909 καὶ
1489 2872 1582 2910 ἄλλα
1608 2873 1726 2909 πολλὰ
1751 2876 1810 2909 καὶ
1835 2872 1966 2909 ἄτοπα.

422 2938 454 2985 3)
478 2940 626 2976 Aristot.
650 2939 813 2988 Metaph.
842 2939 868 2976 Ι.
896 2939 929 2976 4.
952 2959 997 2966 -
1014 2939 1259 2988 Ἀναξαγόρας
1290 2953 1325 2977 τε
1349 2940 1421 2989 γὰρ
1444 2943 1591 2990 μηχανῇ
1613 2943 1742 2988 χρῆται
1768 2943 1816 2987 τῷ
1843 2943 1892 2987 νῷ
1919 2940 2009 2989 πρὸς
2032 2940 2096 2986 τὴν
2118 2940 2377 2989 κοσμοποιΐαν·
2410 2942 2470 2976 καὶ
2503 2939 2590 2976 ὅταν
2612 2936 2796 2987 ἀπορήσῃ,

481 2994 545 3031 διὰ
569 2995 631 3032 τίν’
660 3000 780 3033 αἰτίαν
803 2998 842 3038 ἐξ
865 2994 1026 3044 ἀνάγκης
1047 2998 1141 3042 ἐστὶ,
1173 2995 1248 3034 τότε
1281 2998 1372 3034 ἕλκει
1406 2997 1530 3036 αὐτόν.
1558 3000 1598 3035 ἰν
1627 3000 1667 3034 δὲ
1693 3002 1767 3038 τοῖς
1791 2996 1912 3037 ἄλλοις
1940 2995 2058 3034 πάντα
2081 3000 2226 3046 μᾶλλον
2248 3000 2401 3033 αἰτιᾶται
2426 3000 2499 3034 τῶν
2519 2999 2751 3045 γιγνομένων
2773 2991 2795 3038 ἢ

479 3066 586 3091 VOUV.
610 3071 657 3080 ·-·

422 3123 455 3167 ⁴)
479 3122 641 3170 Simplic.
666 3123 703 3157 in
726 3122 837 3170 phy-‚s
864 3124 1010 3159 Aristot.
1034 3135 1071 3172 p.
1098 3125 1132 3160 2.
1159 3137 1192 3161 a
1218 3146 1262 3152 --
1286 3126 1382 3162 Plnt.
1408 3127 1540 3162 defect.
1567 3125 1703 3162 oracul.
1722 3137 1757 3174 p.
1783 3126 1862 3162 435.
1890 3137 1924 3161 e.
1950 3145 1994 3152 -
2019 3125 2132 3161 Clem.
2158 3125 2267 3160 Alex.
2293 3124 2428 3160 Strom.
2452 3123 2496 3159 11.
2522 3134 2559 3170 p.
2584 3120 2664 3156 364.
2689 3119 2725 3155 11.
2749 3136 2799 3146 —-·

418 3192 452 3236 ⁸)
476 3190 523 3226 cf.
548 3192 656 3226 Arist.
680 3190 838 3227 Meteor.
867 3191 893 3227 1.
917 3193 952 3227 3.
977 3212 1023 3219 —-
1048 3191 1067 3228 ὁ
1092 3194 1164 3239 γὰρ
1195 3193 1391 3243 λεγόμενος
1419 3195 1532 3242 αἰθὴρ
1562 3195 1724 3230 παλαιὰν
1755 3198 1880 3242 εἴληφε
1909 3194 1974 3238 τὴν
2005 3198 2272 3262 προσηγορίαν.
2303 3189 2349 3236 ἢν
2382 3187 2626 3237 Ἀναξαγόρας
2653 3188 2725 3236 μὲν
2746 3201 2795 3232 τω

481 3248 572 3294 πυρὶ
594 3247 728 3285 ταυτὸν
751 3245 992 3298 ἦγήσασμΜαί
989 3263 1052 3286 um
1077 3251 1184 3287 δοκεῖ
1203 3257 1406 3300 σημαίνειν·
1431 3267 1474 3288 τα
1498 3266 1533 3289 τε
1558 3267 1631 3299 γαρ
1655 3250 1732 3288 ιἰνω
1758 3250 1875 3297 πλήρη
1901 3251 2015 3300 πυρὸς
2039 3251 2092 3287 εἶι
2086 3265 2149 3292 ’,αι
2174 3250 2340 3290 κάκεῖνος
2362 3248 2428 3293 τὴν
2456 3248 2533 3283 ἐκεῖ
2553 3243 2715 3293 δύναμιν
2737 3245 2798 3278 αῖ-

480 3306 576 3353 θέρα
598 3307 724 3341 καλεῖν
746 3304 935 3354 ἐνόμισεν,
965 3310 1072 3344 τοῦτο
1095 3310 1167 3356 μὲν
1192 3309 1312 3355 ὀρθῶς
1337 3315 1503 3358 νομίσας.
1529 3309 1569 3344 τὸ
1595 3324 1681 3356 γαρ
1712 3309 1778 3345 ἀεὶ
1805 3313 1935 3357 σῶμα
1961 3312 2071 3347 ,νέον
2095 3306 2187 3356 αὐα
2212 3306 2345 3350 θεῖόν
2367 3320 2409 3342 τι
2432 3304 2512 3349 τὴν
2536 3301 2684 3351 φυσιν
2707 3301 2799 3336 ἐοί-

476 3371 607 3400 κασι»
648 3359 908 3409 ὑπολαβεῖν
930 3377 986 3412 sq.
1019 3385 1066 3393 —
1095 3365 1253 3402 Postero
1286 3373 1451 3414 tempore
1483 3367 1589 3402 etiam
1621 3365 1766 3402 Stoicos
1800 3378 1873 3402 non
1904 3366 2050 3413 ignoras
2081 3364 2240 3401 Aethera
2269 3364 2376 3399 deum
2405 3372 2581 3398 summum
2614 3358 2798 3402 habuisse,
