3117 3854
1355 167 1780 224 *sklave*

412 290 527 337 ὅθεν
556 288 637 337 οὗκ
665 290 830 344 ἂδικιῦς
2003 291 2159 348 Suppl.
2188 305 2232 335 v.
2263 289 2361 337 201.

411 370 556 434 μήτηρ
585 368 763 417 πάντων
790 367 1057 427 νενόμισται.
1641 367 1680 415 εἶ
1707 370 1767 427 μθ
1799 370 1883 430 γὰρ
1911 365 1965 422 ἦν
1993 367 2109 424 τόδ’,
2140 367 2220 416 οὐκ
2249 366 2302 416 &v
2331 367 2443 429 ἦμεν
2472 372 2518 419 ἔν
2548 369 2669 433 φάει.

776 451 905 494 Alex,
935 451 989 494 fr.
1019 449 1138 493 XVI.
1642 448 1750 496 αἰνῶ
1780 447 1838 505 δ’,
1868 444 1920 504 ὃς
1948 448 2051 509 ἡμῖν
2079 448 2230 508 βίοτον
2260 449 2308 495 ἐκ
2336 451 2624 511 πεφυρμένου

413 528 754 591 περισσόμυθος
784 528 809 575 ὃ
840 528 971 589 λόγος
1001 527 1218 589 εὐγένειαν
1249 526 1289 573 εἰ
1641 530 1716 575 καὶ
1743 528 2000 590 θηριώδους
2027 533 2150 576 θεῶν
2179 526 2557 588 διεσταθμήσατο.

410 614 616 668 βροτεῖον
645 608 955 669 εὖλογήσομεν.
2016 608 2147 665 Hipp.
2176 624 2218 653 v.
2250 608 2348 653 606.

413 692 465 736 τὸ
494 692 576 751 γὰρ
605 687 751 735 πάλαι
778 690 853 735 καὶ
880 691 1058 750 πρῶτον
1089 685 1154 733 ὅτ’
1188 686 1434 747 ἐγενόμεθα
1643 684 1677 732 (ἶ
1708 692 1811 747 γαῖα
1839 691 1996 747 μὶτερ,
2026 685 2158 745 ἡλίου
2185 684 2225 730 τ’
2259 684 2506 743 ἆναπτυχαὶ

415 771 490 816 διὰ
521 768 561 815 δ’
594 768 758 831 ἔκρινεν
785 768 815 815 ἆ
847 773 1038 816 τεκοῦσα
1066 773 1124 829 γᾶ
1153 770 1353 830 βροτοί-ς,
1641 766 1748 812 οἵων
1777 764 1918 826 λόγων
1947 763 2137 827 ι’ίῤῥητον
2167 764 2384 825 εἶσήκουσ’
2417 762 2513 811 &aa
2551 772 2599 821 ¹).

414 847 576 907 ὁμοίαν
601 849 728 905 χθών
758 848 929 895 ἅπασιν
959 847 1270 903 ἔξεπαίδευσεν
1299 844 1409 905 ὄψιν
1432 861 1500 903 sq.

347 931 416 976 Cf.
447 933 578 989 Hipp.
608 948 651 975 v.
682 931 780 975 679.
811 929 866 976 ἰῶ
896 934 952 990 γᾶ
982 930 1057 975 καὶ
1087 932 1184 990 φῶς
1216 932 1252 981 2)
1281 936 1325 971 et
1353 942 1393 971 v.
1427 926 1550 971 1025.
1581 928 1655 971 νῦν
1692 922 1732 970 δ’
1766 921 1916 984 ὅρκιόν
1946 940 2019 970 σοι
2056 927 2179 982 Ζῆνα
2208 924 2284 971 καὶ
2322 924 2460 972 πέδον
2484 925 2652 982 χθονὸς
2675 921 2792 986 ’Όμ-

344 1030 462 1069 νυμι.
500 1036 556 1043 -
597 1010 665 1054 Cf.
697 1010 847 1053 Orest.
878 1025 920 1053 v.
953 1009 1075 1052 1496.
1118 1033 1173 1040 ——-
1216 1005 1380 1049 Electr.
1419 1020 1463 1048 v.
1508 1002 1628 1047 1177.
1664 1028 1721 1035 -—
1754 1002 1875 1047 Med.
1911 1018 1954 1047 v.
1995 1003 2063 1047 55.
2102 1029 2158 1036 -—
2196 1019 2238 1048 v.
2273 1003 2367 1048 148.
2404 1029 2461 1038 ·-
2499 1019 2541 1050 v.
2576 1004 2696 1050 1246.
2736 1032 2792 1040 -

343 1091 513 1134 Phoen.
542 1104 585 1133 v.
619 1088 744 1131 1306.
774 1114 833 1122 --
860 1088 959 1130 Jon.
989 1103 1032 1130 v.
1065 1086 1185 1129 1445.
1215 1110 1270 1117 —
1297 1083 1468 1128 Alcest.
1497 1098 1539 1128 v.
1570 1082 1667 1127 243.
1698 1109 1754 1117 —
1782 1082 1914 1140 Hipp.
1944 1097 1987 1128 v.
2018 1082 2115 1128 452.
2147 1109 2202 1116 —
2231 1082 2363 1141 Hipp.
2394 1099 2459 1141 pr.
2480 1083 2533 1129 sr.
2561 1083 2707 1129 XVffl
2739 1089 2791 1138 ³).

483 1170 709 1213 Statuisse
737 1170 924 1225 perinde
952 1169 1281 1224 Anaxagoram,
1311 1169 1417 1208 ae're
1447 1172 1490 1207 et
1518 1164 1701 1207 aethere
1728 1164 1775 1207 in
1804 1171 1968 1208 terram
1997 1164 2200 1220 delapsis
2230 1179 2286 1208 ex
2315 1164 2403 1208 hae
2432 1180 2588 1210 omnes
2616 1181 2692 1210 res
2721 1181 2792 1211 se·

344 1250 574 1291 cernendo
604 1249 855 1304 procreari,
894 1247 1242 1301 fragmentorum
1280 1244 1480 1300 reliquiis
1518 1244 1628 1286 nihil
1658 1244 1836 1300 quidem
1863 1251 2018 1299 aperte
2057 1245 2289 1296 docemur,
2324 1245 2407 1288 sed
2440 1245 2517 1288 vix
2547 1253 2633 1298 est,
2673 1247 2793 1302 quod

345 1329 612 1380 dubitemus,
641 1328 904 1384 praesertim
933 1340 1033 1368 cum
1060 1334 1244 1380 praesto
1274 1325 1362 1367 sint
1391 1323 1644 1366 testimonia
1673 1322 1891 1366 Varronis
1918 1322 2117 1376 Reatini,
2146 1321 2364 1380 Diogenis
2392 1321 2579 1377 Laertii,
2607 1322 2793 1377 Irenaei,

343 1407 658 1466 Theophrasti.
699 1407 766 1450 Cf.
797 1406 927 1449 Varr.
951 1407 1006 1449 de
1026 1405 1098 1448 Re
1117 1412 1224 1447 rust.
1247 1405 1277 1445 Ι.
1298 1404 1366 1446 40.
1389 1403 1438 1445 Si
1468 1410 1570 1445 sunt
1590 1402 1764 1445 semina
1782 1402 1826 1445 in
1856 1407 1975 1453 aere,
2004 1409 2053 1444 ut
2072 1402 2134 1445 ait
2160 1401 2379 1458 physicus
2397 1401 2707 1459 Anaxagoras.
2736 1429 2792 1437 —

342 1487 474 1544 Diog.
502 1487 553 1531 L.
583 1487 634 1528 11.
664 1487 706 1530 9.
738 1487 829 1541 ζῶα
858 1485 1073 1544 γενέσθαι
1100 1485 1149 1536 ἐξ
1174 1482 1309 1543 ὑγροῦ
1339 1483 1413 1527 καὶ
1440 1487 1617 1541 θερμοῦ
1645 1484 1721 1527 καὶ
1749 1481 1955 1541 γεώδους,
1984 1482 2166 1542 ὕστερον
2196 1482 2245 1527 δὲ
2273 1481 2323 1536 ἐξ
2349 1479 2566 1541 ἀλλήλων.
2594 1509 2650 1518 --
2678 1483 2791 1528 Iren.

342 1567 444 1610 adv.
464 1566 598 1610 Haer.
627 1566 678 1608 11.
712 1565 776 1608 14.
805 1565 1128 1621 Anaxarogas,
1167 1563 1243 1620 qui
1273 1570 1316 1606 et
1354 1562 1514 1606 atheus
1551 1563 1890 1621 cognominatus
1928 1569 2020 1615 est,
2059 1562 2389 1619 dogmatizavit,
2426 1561 2547 1607 facta
2584 1562 2792 1609 animalia
2832 1599 2837 1602 .

343 1644 594 1688 seminibus
623 1658 650 1687 e
680 1642 808 1686 coelo
848 1643 894 1685 in
922 1650 1085 1686 terram
1115 1642 1434 1685 decidentibus.
1465 1667 1522 1673 —
1560 1642 1782 1698 Theophr.
1812 1641 1922 1685 Hist.
1952 1641 2089 1698 plant.
2119 1642 2189 1684 ΠΙ.
2218 1642 2258 1685 2.
2281 1640 2580 1703 ,Ἀναξαγόρας
2608 1643 2690 1699 μὲν
2717 1643 2792 1688 τὸν

343 1721 458 1783 ἀέρα
488 1721 666 1766 πάντων
696 1719 880 1781 φάσκων
908 1719 1019 1776 ἔχειν
1048 1721 1294 1780 σπέρματα·
1325 1721 1400 1765 καὶ
1428 1725 1567 1765 ταῦτα
1597 1719 2012 1781 συγκαταφερόμενα
2041 1724 2103 1779 τῷ
2132 1721 2261 1766 ὕδατι
2289 1725 2439 1780 γεννᾶν
2467 1722 2521 1767 τὰ
2551 1720 2669 1783 φυτά
2700 1727 2754 1776 4).

480 1801 651 1858 Neque,
682 1814 799 1858 quae
827 1801 887 1844 ad
913 1799 1046 1844 finem
1072 1814 1221 1843 rerum
1248 1799 1471 1858 pertinent
1500 1806 1545 1842 et
1572 1799 1750 1853 exitum,
1779 1800 1824 1842 in
1843 1800 1898 1843 iis
1917 1800 2152 1857 Euripides
2171 1801 2216 1843 in
2245 1800 2359 1844 alias
2384 1809 2538 1858 partes
2565 1802 2685 1855 abiit,
2712 1816 2789 1846 ve-

342 1894 444 1923 rum
471 1879 774 1937 Anaxagorae
812 1878 924 1922 nihil
959 1878 1034 1923 vel
1071 1879 1194 1932 oriri,
1232 1878 1307 1924 vel
1335 1879 1538 1932 interire,
1578 1880 1660 1924 sed
1699 1879 1845 1923 omnia
1873 1879 2051 1923 secerni
2088 1886 2255 1922 tantum
2292 1880 2469 1939 aliaque
2497 1880 2640 1924 forma
2667 1882 2790 1924 indui

422 2049 452 2095 ¹)
477 2048 602 2085 Schol.
628 2047 675 2084 ad
698 2047 735 2084 h.
759 2048 785 2085 1.
809 2044 857 2088 ὡς
880 2043 1092 2095 φιλόσοφος
1115 2046 1155 2082 δὲ
1180 2047 1251 2092 γῆν
1272 2047 1333 2081 καὶ
1358 2044 1462 2090 ἥλιον
1484 2046 1634 2092 ἐπιβοᾷ,
1659 2046 1741 2081 ἐπεὶ
1763 2046 1856 2095 ἀρχὴ
1881 2044 2029 2083 πάντων
2051 2049 2155 2083 εἰσίν.

422 2129 453 2171 ²)
478 2127 603 2164 Schoi.
629 2127 676 2163 ad
701 2127 737 2163 h.
764 2128 789 2163 1.
815 2124 930 2162 πάλιν
960 2126 1003 2162 δὲ
1031 2125 1099 2169 τὴν
1121 2128 1192 2171 γῆν
1214 2127 1275 2161 καὶ
1298 2125 1338 2162 τὸ
1362 2128 1443 2173 φῶς
1466 2126 1710 2168 ἐπικαλεῖται,
1740 2123 1787 2164 ὡς
1809 2123 2048 2161 &raucorum
2071 2131 2242 2173 στοιχεῖα.
2266 2147 2313 2153 -
2336 2129 2382 2164 ci.
2407 2129 2514 2164 Sext.
2539 2130 2673 2177 Empir.
2699 2130 2781 2165 adv.

480 2183 656 2221 Mathem.
689 2184 738 2222 X.
762 2183 796 2227 5,
821 2184 900 2221 315.
920 2181 985 2221 ‘Ex
1007 2184 1076 2230 γῆς
1100 2182 1142 2219 δὲ
1165 2183 1226 2218 καὶ
1249 2184 1398 2231 αἰθέρος
1422 2181 1530 2228 [εἶναι
1552 2180 1618 2227 τὴν
1639 2183 1799 2229 γένεσιν]
1824 2181 2041 2232 Εὐριπίδης,
2066 2180 2114 2224 ὡς
2136 2180 2313 2233 πάρεστιν
2335 2184 2555 2227 ἐκδέξασθαι
2579 2186 2618 2222 ἐκ
2640 2187 2704 2223 τοῦ
2727 2187 2787 2222 λέ»

479 2252 562 2288 γειν
584 2238 710 2278 αὐτόν·
735 2242 881 2290 Αἰθέρα
904 2241 964 2276 καὶ
987 2243 1101 2287 γαῖαν
1124 2236 1274 2276 πάντων
1296 2240 1501 2286 γενέτειραν
1523 2238 1648 2274 ἀείδω.

422 2320 453 2366 ³)
476 2319 679 2369 Euripideis
701 2319 820 2358 lucem
846 2319 1025 2368 quandam
1052 2318 1182 2356 afferre
1206 2318 1386 2365 videntur,
1410 2328 1504 2366 quae
1528 2318 1659 2354 cecinit
1682 2318 1719 2352 in
1744 2316 1881 2365 Chryse
1903 2317 2105 2353 Pacuvius:

889 2377 970 2413 Hoc
992 2376 1077 2413 vide
1102 2377 1235 2412 circum
1258 2386 1459 2425 supraque,
1484 2376 1581 2422 quod
1607 2375 1802 2422 complexu
1827 2377 1988 2409 continet

888 2433 1056 2476 Terram3
1081 2435 1195 2468 nostri
1219 2434 1361 2468 coelum
1385 2440 1604 2476 memorant,
1629 2432 1732 2478 Graji
1754 2432 1947 2478 perhibent
1970 2433 2139 2477 aethei-³23

888 2487 1072 2535 Quidquid
1097 2495 1152 2525 est
1174 2488 1245 2525 hoc
1269 2490 1392 2526 omnia
1413 2490 1444 2526 is
1469 2489 1616 2534 format,
1641 2494 1767 2537 auget,
1791 2489 1870 2533 alit,
1895 2495 2007 2534 creat,

890 2546 1032 2594 Sepelit
1053 2547 1251 2594 recipitque
1275 2547 1310 2583 in
1333 2558 1418 2582 sese
1441 2547 1580 2591 omnia3
1605 2546 1764 2582 omnium
1789 2545 1883 2581 idem
1908 2553 1963 2582 est
1984 2552 2105 2594 patet-3

889 2602 1010 2638 Mater
1033 2609 1090 2637 est
1113 2609 1228 2646 terra3
1254 2614 1298 2638 ea
1319 2605 1414 2651 parit
1438 2615 1589 2652 corpus;
1614 2605 1770 2638 animam
1794 2604 1921 2640 aether
1945 2604 2110 2650 adjugat:

890 2658 1054 2694 indidem
1079 2658 1284 2704 eodemque
1307 2661 1487 2703 oriuntur3
1512 2660 1558 2696 de
1582 2660 1726 2706 integro
1751 2666 1859 2706 atque
1883 2660 2013 2697 eodem
2037 2659 2218 2696 occidunt.

479 2714 660 2763 Euripidis
684 2713 731 2750 de
754 2714 905 2751 aethere
928 2715 1146 2752 sententiam
1171 2715 1289 2751 multis
1313 2715 1429 2753 modis
1453 2716 1540 2753 risui
1563 2715 1732 2754 vertebat
1754 2715 2015 2764 Aristophanes
2040 2716 2198 2753 comicus
2221 2715 2258 2752 in
2281 2714 2460 2759 Nubibus,
2484 2715 2786 2765 Thesmophoria·

480 2773 594 2815 zusis,
625 2771 760 2813 Ranis,
791 2771 872 2808 aliis
896 2770 1041 2809 sabulis.
1089 2771 1394 2808 Luculentissima
1422 2774 1596 2821 exempla
1622 2773 1861 2809 observantur
1883 2775 1920 2809 in
1943 2774 2037 2809 Ran.
2061 2785 2096 2810 v.
2120 2773 2201 2810 919.
2225 2772 2350 2821 Αἰθὴρ
2378 2772 2471 2821 ἐμὸν
2491 2771 2659 2821 βόσκημα
2682 2792 2727 2799 —
2749 2774 2787 2807 in

480 2828 629 2864 Thesm.
653 2839 692 2864 v.
720 2829 774 2864 13.
1140 2856 1409 2866 ..................
1413 2827 1506 2866 οὕτω
1529 2833 1643 2867 ταῦτα
1666 2830 1833 2877 διεκρίθη
1854 2828 1946 2866 τότε.

1135 2885 1249 2934 αἰθὴρ
1272 2885 1362 2935 γὰρ,
1389 2884 1445 2922 ὅτε
1468 2886 1510 2922 τὰ
1536 2889 1662 2934 πρῶτα
1686 2885 1922 2933 διεχωρίζετο,

1135 2943 1198 2977 καὶ
1222 2941 1282 2983 Cu?
1310 2942 1351 2979 ἐν
1373 2940 1471 2989 αὐτῷ
1493 2944 1705 2984 ξυνετέκνου
1726 2940 1925 2992 κινούμενα
1947 2955 2003 2990 sq.

420 3008 454 3053 ⁴)
487 3007 534 3043 cf.
559 3006 683 3044 Natai.
709 3006 812 3043 Com.
838 3005 989 3053 mythol.
1014 3005 1093 3043 Vn.
1123 3008 1176 3045 13.
1201 3007 1284 3044 Nec
1308 3020 1366 3044 me
1390 3009 1493 3051 latet,
1519 3009 1618 3056 quod
1641 3010 1785 3056 quidam
1809 3011 2057 3053 crediderunt,
2081 3012 2116 3047 in
2141 3013 2380 3058 generatione
2403 3011 2543 3054 mundi,
2568 3022 2648 3046 cum
2672 3010 2788 3045 divisa

480 3064 626 3101 fuerunt
649 3075 673 3099 a
694 3075 836 3099 summo
868 3063 1003 3111 opifice
1033 3065 1128 3099 inter
1157 3076 1199 3099 se
1231 3066 1431 3107 elementa,
1461 3066 1585 3100 omnia
1608 3065 1778 3101 animalia
1799 3067 1951 3113 primum
1973 3073 2103 3113 sponte
2126 3073 2213 3102 nata
2234 3078 2338 3107 esse,
2361 3072 2471 3112 atque
2495 3078 2540 3101 ea
2563 3078 2657 3112 quae
2678 3066 2787 3113 pluri·

483 3134 579 3158 mum
604 3122 785 3158 haberent
807 3120 954 3164 caloris,
978 3121 1025 3157 ad
1048 3123 1238 3169 superiora
1259 3123 1335 3159 iata
1357 3123 1456 3159 sacta
1479 3134 1562 3158 esse
1577 3122 1765 3159 volucres:
1790 3135 1884 3170 quae
1908 3123 2055 3160 muitum
2078 3122 2257 3161 haberent
2280 3128 2488 3161 terrestrem
2511 3123 2726 3164 mistionem,
2749 3121 2786 3159 in

478 3191 632 3216 numero
656 3178 837 3226 reptilium
863 3184 974 3225 atque
998 3179 1220 3216 terrestrium
1253 3179 1461 3217 animalium
1484 3180 1715 3218 constituisse
1746 3185 1950 3229 terramque
1979 3180 2219 3227 inhabitasse3
2251 3188 2288 3218 at
2318 3192 2412 3230 quae
2443 3190 2607 3230 aquosae
2635 3184 2787 3215 naturae

479 3235 720 3280 accederent,
760 3247 862 3273 mare
894 3241 932 3272 et
961 3247 1076 3283 aquas
1107 3237 1348 3281 inhabitasse,
1383 3243 1588 3285 vocataque
1620 3249 1703 3273 esse
1732 3241 1905 3275 natantia.
1967 3239 2044 3275 Sed
2074 3241 2169 3275 enim
2201 3251 2280 3275 cum
2312 3246 2411 3276 terra
2439 3237 2634 3286 postmodo
2663 3238 2787 3272 calore

482 3293 581 3328 Soiis
604 3294 742 3329 siccata
775 3292 1072 3340 condensataque
1103 3293 1249 3336 fuisset,
1281 3296 1487 3332 cessavisse
1520 3295 1615 3332 hanc
1646 3298 1919 3342 generationem
1948 3303 1985 3334 et
2015 3308 2065 3333 ex
2095 3304 2217 3334 mutuo
2247 3307 2447 3344 congressu
2475 3294 2644 3331 animalia
2674 3292 2786 3329 fuisse

479 3355 572 3394 orta,
596 3356 634 3386 ut
655 3352 771 3388 sensit
801 3353 1094 3400 Anaxagoras
1130 3351 1318 3401 physicus,
1359 3353 1459 3402 cujus
1491 3353 1634 3390 auditor
1659 3354 1712 3390 ita
1741 3354 1883 3402 scripsit
1912 3354 1950 3391 in
1978 3352 2206 3402 Melanippe:
2234 3351 2283 3394 ὡς
2313 3349 2469 3403 οὐρανός
2496 3364 2533 3389 τε
2563 3349 2653 3399 γαῖά
2680 3349 2706 3386 τ’
2738 3345 2787 3395 ἦν

476 3406 608 3457 μορφὴ
630 3413 700 3458 μία
723 3421 780 3456 sq·
