3117 3854
1287 167 1532 224 munit)
1597 177 1710 223 τε*

479 293 641 338 Beller.
670 293 724 335 fr.
755 292 855 334 XX.
1566 288 1713 334 τίκτω.
1744 294 1933 335 τεκοῦσα
1964 287 2024 344 δ’,
2055 288 2109 349 ἢν
2136 294 2218 348 μὲν
2249 290 2451 355 ι’ίφρονας
2478 293 2602 348 τέκω,

343 373 428 431 ἕγιῦ
457 373 507 416 τὸ
534 371 614 428 μέν
644 371 696 429 δὴ
728 373 957 425 πανταχοῦ
986 368 1321 431 θρυλλούμενον
1567 370 1702 414 στένω
1732 369 1946 426 ματαίως,
1978 368 2198 430 εἰσορῶσα
2226 373 2308 427 μὲν
2335 375 2509 427 κακοὺς,

342 448 570 511 κράτιστον
601 445 716 494 εἶναί
745 465 874 510 φημι,
904 449 966 507 μὴ
999 451 1135 508 φῦναι
1162 451 1323 509 βροτῷ.
1563 449 1776 509 χρηστοὺς
1792 445 2109 493 δ’ἀπολέσασ’·
2126 446 2179 506 ἢν
2196 449 2245 493 δὲ
2260 449 2334 493 καὶ
2349 452 2652 508 σεσωσμένους

472 530 630 574 Incert.
662 536 772 586 trag.
803 527 856 572 fr.
889 527 1120 573 CXLVIII.
1565 526 1682 587 τήκω
1713 527 1922 574 τάλαιναν
1952 527 2136 589 καρδίαν
2166 526 2363 589 ὂῤῥωδίᾳ

337 608 389 653 τὸ
418 608 481 667 μὴ
503 607 713 667 γενέσθαι
742 610 956 666 κρεῖσσον,
987 603 1015 665 ἢ
1036 609 1175 667 φῦναι
1200 604 1401 667 βροτούς.
1567 606 1611 651 τί
1639 610 1769 651 τοῦτο
1801 608 1855 666 δὴ
1885 608 1935 651 τὸ
1960 605 2169 668 χρηστῶς
2200 605 2279 652 οὐκ
2309 605 2434 669 ἀρκεῖ
2459 606 2566 665 μίαν

340 685 493 732 Ξῖτειτα
523 688 690 739 παῖδας
720 687 796 731 σὺν
827 689 1007 745 πικραῖς
1037 683 1250 745 ἀλγηδόσι
1567 687 1712 744 ψυχὴν
1743 684 1966 738 ἀπολύειν,
1996 682 2105 730 κάπὶ
2134 683 2260 731 τοῦδ’
2294 684 2404 742 ἔχειν
2433 684 2619 744 novom,-

406 766 609 824 Namque
646 766 691 809 in
727 764 873 810 lucem
909 765 1015 809 editi
1051 767 1197 823 patria
1233 781 1386 811 sumus
1422 773 1466 811 et
1506 767 1635 810 domo
1676 773 1875 811 extorres
1903 779 2223 823 versamurque
2252 766 2298 809 in
2327 773 2446 811 terra
2479 766 2718 824 peregrina

268 854 494 903 tamquam
535 846 580 887 in
619 845 814 901 hospitio
850 858 1016 901 aspero
1064 854 1107 888 et
1153 846 1198 888 in
1245 847 1376 888 domo
1419 846 1566 888 aliena
1604 845 1678 899 (cf.
1706 860 1841 902 supra
1876 861 1918 901 p.
1962 844 2072 896 2503
2114 846 2272 887 mortui
2315 852 2482 898 autem,
2526 846 2648 889 velut
2691 860 2717 889 e

265 925 460 969 vinculis
497 925 689 981 egressi,
730 925 774 966 in
814 924 1064 969 libertatem
1099 926 1286 968 restituti
1315 939 1343 968 a
1371 925 1587 968 molestiis
1622 925 1740 968 vitae
1775 932 1977 968 terrenae
2015 924 2310 978 vindicamur-3
2348 925 2392 967 in
2422 924 2621 968 Aethera
2651 925 2714 968 di-

266 1004 418 1048 vinum
447 1002 614 1060 relapsi
638 1004 733 1065 jam
763 1010 974 1060 expertes
1004 1019 1156 1047 sumus
1187 1003 1388 1059 corporis
1417 1003 1704 1060 cupiditatum
1740 1019 1824 1048 nec
1853 1003 2064 1047 trahimur
2098 1004 2156 1047 ad
2194 1018 2335 1060 prava
2371 1010 2415 1049 et
2449 1004 2612 1062 injusta
2638 1002 2715 1057 (cs.

269 1096 407 1138 supra
434 1096 478 1138 p.
503 1082 555 1124 16
577 1087 686 1139 sq.);
718 1082 927 1124 Aetheris
957 1095 1060 1123 oras
1090 1082 1163 1123 ubi
1197 1081 1433 1138 attigimus,
1454 1082 1551 1138 jam
1582 1083 1799 1139 dissipata
1828 1082 1988 1138 caligo,
2019 1096 2106 1139 qua
2135 1081 2403 1125 circumfusa
2433 1090 2529 1126 erat
2557 1082 2716 1125 mentis

268 1161 407 1213 acies,
438 1174 539 1203 cum
569 1167 734 1204 terram
763 1161 957 1213 incoluit,
978 1161 1162 1216 jamque
1193 1159 1389 1210 satiatur,
1421 1173 1535 1216 quae
1565 1161 1682 1203 inest
1711 1163 1755 1203 in
1785 1162 2004 1202 mentibus
2033 1162 2201 1203 nostris
2230 1163 2325 1203 veri
2343 1162 2519 1202 visendi
2549 1162 2715 1216 cupidi·-

268 1246 358 1291 tas3
389 1253 482 1282 non
500 1239 612 1283 vivit
641 1252 767 1283 mens
797 1246 844 1281 ut
871 1239 916 1281 in
946 1238 1089 1289 terris,
1120 1238 1202 1281 sed
1231 1238 1367 1282 habet
1395 1247 1620 1283 aeternam
1651 1240 1720 1283 sui
1742 1240 2059 1284 conscientiam
2086 1254 2353 1297 sensumque
2383 1239 2685 1283 immortalem.

1726 1353 1809 1361 ......
1833 1317 1856 1360 ὃ
1888 1323 1990 1371 νοῦς

879 1398 966 1437 τῶν
994 1396 1306 1438 κατθανόντων
1338 1398 1388 1455 ζῇ
1417 1398 1496 1452 μὲν
1528 1394 1593 1450 οὔ,
1625 1397 1795 1456 γνώμην
1825 1397 1867 1440 δ’
1902 1397 1989 1452 ἔχει

881 1471 1123 1526 ἀθάνατον,
1153 1473 1215 1526 εἷς
1245 1473 1472 1519 ἀθάνατον
1493 1474 1640 1537 αἰθέρ’
1665 1475 1867 1534 ἐμπεσών
1889 1477 2006 1529 (Hel.
2028 1490 2069 1518 v.
2094 1476 2216 1518 1020.
2237 1497 2293 1506 —
2313 1475 2369 1517 cf.
2390 1488 2526 1532 supra
2544 1489 2585 1530 p.
2607 1475 2712 1526 29.).

402 1552 502 1594 Hac
529 1552 743 1595 felicitate
773 1566 888 1610 quae
924 1554 1059 1595 instat
1087 1562 1193 1609 post
1221 1563 1406 1598 mortem
1433 1568 1523 1597 non
1556 1557 1715 1612 dignos
1745 1569 1847 1598 esse
1877 1557 1964 1597 nisi
1994 1556 2068 1612 qui
2095 1555 2196 1596 luce
2225 1555 2345 1595 fruiti
2372 1555 2606 1596 virtutibus
2634 1555 2713 1595 ad-

262 1631 507 1682 haeserint,
537 1645 628 1674 non
659 1633 851 1675 obscure
881 1633 1147 1689 significavit
1166 1641 1301 1690 poeta
1328 1635 1375 1677 in
1406 1635 1530 1678 chori
1560 1636 1754 1677 carmine
1782 1634 2180 1690 praestantissimo,
2211 1635 2330 1690 quod
2359 1641 2428 1675 est
2455 1634 2501 1674 in
2520 1632 2714 1675 Hercule

263 1709 439 1753 furente
468 1724 509 1753 v.
540 1710 624 1753 655
654 1724 722 1768 sq.

539 1787 580 1833 εἰ
608 1789 657 1834 δὲ
688 1793 816 1841 θεοῖς
844 1785 896 1847 ἦν
927 1788 1099 1844 σύνεσις
1699 1792 1877 1844 δισσοὺς
1907 1789 1959 1835 ι’ὶν
1988 1789 2093 1848 ἔβαν
2124 1789 2345 1844 διαύλους.

536 1867 612 1912 καὶ
642 1865 784 1927 σοφία
814 1865 912 1912 κατ’
946 1864 1110 1929 ι’ίνδρας
1698 1868 1728 1914 ἆ
1758 1869 1982 1929 δυσγένεια
2012 1867 2054 1915 δ’
2089 1867 2262 1915 ἁπλοῦν
2291 1867 2344 1914 ἂν

537 1945 721 2004 δίδυμον
753 1943 806 1992 ἂν
835 1946 949 2006 ἥβαν
978 1946 1154 2009 ἔφερον,
1698 1946 1784 2005 εἶχε
1815 1950 1930 2005 ζωᾶς
1957 1946 2125 2006 βιοτάν.

535 2025 728 2086 φανερὸν
752 2029 976 2085 χαρακτῆ-
1696 2027 1770 2073 καὶ
1798 2028 1905 2087 τῳδὶ
1934 2026 2036 2081 τούς
2065 2044 2110 2074 τε
2139 2028 2300 2081 κακοὺς
2328 2023 2382 2073 ἷίν

532 2100 577 2165 ρ’
612 2100 772 2164 ἀρετῆς
801 2102 951 2150 ὅσοισι
1695 2108 1854 2165 γνῶναι
1882 2105 1957 2151 καὶ
1984 2106 2086 2158 τοὺς
2115 2103 2317 2166 ἀγαθοὺς

534 2182 660 2239 μέτα.
690 2182 766 2228 καὶ
793 2183 954 2228 θνατοὶ
983 2182 1029 2237 ἐς
1693 2182 1805 2238 ἴσον,
1837 2182 1908 2229 ἅτ’
1941 2184 1986 2231 ἕν
2015 2184 2269 2245 νεφέλαισιν
2299 2180 2470 2245 ι’ίστρων

531 2261 612 2313 τὰς
640 2258 778 2319 αὐγὰς
807 2260 943 2307 πάλιν
972 2261 1104 2307 ἁλίου
1694 2261 1871 2315 ναύταις
1900 2260 2096 2320 ἀριθμὸς
2125 2262 2252 2312 πέλα
2289 2267 2336 2315 ¹).

395 2396 437 2430 αῖ
457 2395 508 2441 αῖ,
533 2393 617 2436 ἄξια
640 2398 702 2430 καὶ
725 2398 876 2443 σφαγᾶς
898 2394 985 2432 τάδε
1761 2398 1877 2436 κακῶς
1899 2394 2043 2433 κλύοντι
2068 2398 2130 2432 καὶ
2153 2398 2272 2436 κακῶς
2296 2394 2517 2444 πεπραγότι,·

395 2454 459 2488 καὶ
481 2454 610 2490 πλεῖον
633 2450 655 2496 ἢ
678 2450 801 2501 βρόχῳ
826 2453 937 2502 δέρην
1894 2455 2021 2502 Suppl.
2045 2467 2080 2490 v.
2111 2453 2209 2490 1000.

396 2509 557 2557 οὐρανίῳ
582 2506 752 2544 πελάσαι.
1761 2514 1947 2558 προσέβαν
1970 2509 2113 2559 δρομὰς
2135 2511 2174 2551 ἐξ
2197 2510 2298 2558 ἐμῶν

394 2566 463 2603 τᾶν
484 2565 559 2615 γὰρ
582 2566 627 2601 οὗ
651 2569 778 2613 φίλαν,
1760 2571 1879 2613 οἴκων,
1904 2569 2234 2616 ἐκβακχευσαμένα,

392 2622 485 2658 ἀλλὰ
511 2621 691 2670 φιλτάτην
713 2626 883 2669 γυναῖκα,
1758 2624 1872 2672 πυρὸς
1895 2627 1976 2671 φῶς
1997 2626 2217 2669 καθέξουσα,
2240 2621 2362 2670 τάφον
2386 2636 2422 2659 τε

391 2681 653 2716 κατθανοῦσαν
675 2679 716 2715 ἐν
739 2677 852 2727 ἤματι
875 2678 970 2725 τῷδέ
993 2678 1030 2725 γ’
1061 2676 1157 2724 ὄψει·
1756 2679 1985 2726 βατεύσουσα
2007 2680 2073 2717 τὸν

529 2736 608 2771 Alc.
633 2748 670 2772 v.
696 2736 777 2772 277.
1756 2737 1880 2780 αὐτὸν,
1904 2738 1940 2777 ec
1962 2738 2074 2774 ιἰΐδαν
2096 2736 2339 2773 καταλύσουσ’
2368 2737 2564 2784 ἔμμοχθον

392 2794 472 2827 Σοῦ
495 2791 569 2838 γὰρ
592 2794 776 2839 φθιμένης
800 2791 866 2826 οὐκ
889 2790 938 2826 ἔτ’
967 2787 1015 2827 ιῖν
1037 2793 1127 2834 εἴην·
1754 2798 1892 2838 βίοτον,
1916 2791 2049 2834 αἰῶνός
2071 2806 2108 2830 τε
2132 2791 2282 2834 πόνους.

391 2847 433 2884 ἐν
455 2848 516 2884 σοὶ
540 2846 575 2883 δ’
604 2847 718 2896 ἐσμὲν
741 2848 803 2883 καὶ
827 2848 891 2891 ζῆν
912 2847 974 2882 καὶ
996 2844 1060 2895 μή.
1754 2848 1902 2895 ἥδιστος
1924 2847 1997 2899 γιὶρ
2020 2861 2076 2885 τοι
2098 2847 2270 2893 θάνατος,

640 2915 678 2940 v.
701 2903 783 2940 956.
1755 2903 2000 2950 συνθνῄσκειν
2022 2903 2227 2950 θνήσκουσι
2250 2907 2383 2952 φίλοις,

391 2963 508 3008 φίλοι,
530 2960 705 3008 γυναικὸς
727 2958 880 3008 δαίμον’
909 2958 1166 3008 εὐτυχέστερον
1755 2964 1788 2996 εἰ
1811 2961 1957 3009 δαίμων
1979 2958 2067 2997 τάδε
2090 2959 2137 3004 δὴ
2161 2965 2318 3011 κραίνοι.

389 3016 531 3066 τούμοῦ
556 3021 704 3066 νομίζω,
727 3021 861 3066 καίπερ
886 3016 929 3051 οὗ
954 3016 1133 3052 δοκοῦνθ’
1162 3013 1273 3065 ὅμως.
1892 3018 1984 3053 Hec.
2009 3030 2046 3054 v.
2071 3017 2152 3053 373.

386 3077 450 3119 τῆς
469 3075 543 3123 μὲν
564 3073 638 3123 γὰρ
662 3075 776 3111 οὐδὲν
798 3071 912 3121 ἄλγος
934 3070 1073 3118 §eperat
1092 3085 1192 3117 ποτε,
2187 3101 2272 3111 ......
2291 3070 2503 3122 συμβούλου
2526 3072 2573 3109 δέ
2591 3084 2658 3119 μοι.

387 3134 539 3169 nou&
561 3131 604 3168 δὲ
626 3129 785 3180 μόχθων
807 3128 953 3175 εὐκλεὴς
975 3127 1173 3166 ἐπαύσατο.
1750 3135 1892 3175 θανεῖν,
1918 3133 2006 3180 πρὶν
2029 3133 2192 3180 αἰσχρῶν
2212 3130 2265 3180 μὴ
2288 3131 2366 3167 κατ’
2395 3130 2503 3172 ἀξίαν
2524 3133 2657 3177 τυχεῖν.

386 3187 460 3236 ἐγώ
483 3188 537 3233 δ’,
561 3185 607 3225 ὃν
630 3188 674 3224 οὐ
693 3187 767 3236 χρὴ
790 3190 866 3232 ζῆν,
891 3187 1019 3237 παρεὶς
1041 3184 1081 3222 τὸ
1104 3183 1302 3236 μόρσιμον,
1752 3185 1850 3227 ὅστις
1871 3185 1945 3235 γὰρ
1969 3186 2036 3223 οὐκ
2058 3190 2166 3224 εἴωθε
2190 3184 2366 3234 γεύεσθαι
2388 3187 2522 3229 κακῶν,

386 3242 530 3295 λυπρὸν
552 3243 667 3287 διάξω
689 3248 827 3290 βίοτον,
852 3241 933 3294 ι’ίρτι
955 3241 1174 3293 μανθάνων.
1751 3246 1856 3294 φέρει
1878 3245 1962 3293 μὲν,
1985 3243 2095 3292 ἀλγεῖ
2113 3243 2148 3279 δ’
2179 3242 2302 3291 αὐχέν’
2331 3243 2484 3282 ἐντιθεὶς
2505 3243 2612 3290 ζυγῷ.

614 3313 672 3345 ,ν.
697 3302 779 3340 063.
1749 3299 1880 3337 θανών
1903 3300 1939 3335 δ’
1968 3297 2016 3337 ἄν
2038 3303 2093 3345 εἴη
2115 3302 2261 3349 μᾶλλον
2283 3299 2548 3348 εὐτυχέστερος,

383 3361 424 3394 τί
439 3371 508 3407 μοι
530 3359 596 3403 ζῆν
619 3358 711 3403 δῆτα
734 3356 878 3404 κύδιον,
903 3361 1019 3406 φίλοι,
1749 3355 1772 3402 ἢ
1795 3360 1876 3400 ζῶν.
1900 3357 1941 3394 τὸ
1965 3357 2038 3406 γὰρ
2061 3360 2125 3402 ζῆν
2146 3357 2198 3407 μὴ
2221 3358 2341 3397 καλῶς
2360 3359 2477 3406 μέγας
2498 3353 2626 3396 πόνος.

324 3417 355 3462 ¹)
377 3416 535 3455 Barna.
562 3415 611 3453 ad
634 3415 672 3454 h.
697 3415 723 3454 1.
747 3417 780 3453 εἰ
802 3415 845 3453 δὲ
867 3419 970 3457 θεοῖς
997 3410 1045 3461 ἦν
1075 3412 1221 3457 σύνεσις
1251 3415 1315 3453 καὶ
1347 3413 1448 3463 σοφὴ
1472 3413 1631 3465 πρόνοια
1662 3414 1753 3452 κατὰ
1776 3413 1860 3457 τοὺς
1882 3413 2121 3466 ἀνθρώπους,
2150 3415 2207 3456 δὶς
2228 3411 2277 3454 ἄν
2300 3414 2337 3450 οἱ
2366 3413 2620 3461 καλοκαγαθοὶ
2641 3413 2703 3459 τῆς
