3117 3854
1274 174 1698 234 2233&

329 302 435 352 κοῦκ
463 300 558 351 ἔστι
585 302 773 358 θνητῶν,
804 297 928 354 ὅστις
954 297 1251 355 ἐξεπίσταται,

329 384 406 442 τὴν
436 377 591 442 αῦριον
617 378 868 436 μέλλουσαν
897 377 938 425 εἶ
962 377 1190 436 βιώσεται.

327 462 379 509 τὸ
407 462 485 519 τῆς
513 456 642 519 τύχης
669 458 753 520 γὰρ
782 455 964 520 ἀφανὲς,
996 453 1045 504 οἷ
1068 455 1355 520 προβήσεται,

328 536 456 587 m'z‘ov'
489 535 543 585 οὗ
571 538 787 594 διδακτὸν,
819 535 915 585 οὔδ’
948 535 1177 585 ἁλίσκεται
1205 538 1345 600 τέχνῃ.

328 617 449 669 ταῦτ’
483 614 560 665 οὗν
589 616 783 674 ἀκούσας
810 618 885 665 καὶ
912 619 1076 678 μαθὼν
1103 619 1214 678 ἐμοῦ
1243 618 1382 682 πάρα,

330 698 540 762 εῦφραινε
569 699 741 754 σαυτὸν,
773 703 884 745 πῖνε
914 700 989 746 τὸν
1016 696 1124 745 καθ’
1158 697 1327 760 ἡμέραν

326 779 425 838 βίον
452 776 629 838 λογίζου
659 776 750 825 σόν.
779 778 833 824 τὰ
863 775 904 824 δ’
937 774 1052 824 ι’ίλλα
1080 781 1159 838 τῆς
1186 776 1328 840 τύχης.

461 858 560 903 Jon.
591 872 634 903 v.
667 857 788 902 1512.

328 934 364 983 ὦ
391 938 703 996 μεταβαλοῦσα
731 934 918 997 μυρίους
946 933 1032 998 ἤδη
1059 941 1243 998 βροτῶν,

324 1017 400 1064 καὶ
427 1019 695 1076 δυστυχῆσαι
722 1012 889 1071 καῦθις
919 1012 969 1062 εὗ
997 1018 1167 1079 πρᾶξαι
1194 1017 1354 1073 καλῶς,

323 1094 439 1157 τύχη,
468 1094 581 1158 παρ’
614 1095 712 1143 οἵαν
742 1093 943 1156 ἤλθομεν
973 1095 1181 1158 στάθμην
1208 1095 1327 1155 βίου.

459 1177 655 1236 Scyriar.
685 1176 738 1220 fr.
769 1178 820 1219 Π.

324 1260 413 1316 φεῦ
421 1256 431 1300 !
462 1259 548 1302 τῶν
576 1255 789 1316 βροτείων
819 1253 880 1309 ὥς
908 1253 1136 1314 ἀνώμαλοι
1163 1254 1308 1312 τύχαιῐ

323 1334 369 1381 οἱ
395 1335 476 1393 μὲν
504 1335 588 1396 γὰρ
619 1331 668 1381 εὗ
687 1333 951 1396 πράσσουσι,
980 1339 1072 1389 τοῖς
1102 1336 1151 1382 δέ
1180 1335 1408 1397 συμφοραὶ

324 1413 509 1475 σκληραὶ
537 1411 744 1474 πάρεισιν
773 1412 1027 1471 εὐσεβοῦσιν
1055 1413 1120 1468 εἷς
1146 1415 1298 1469 θεοὺς,

322 1493 397 1538 καὶ
424 1491 555 1539 πάντ’
589 1490 780 1554 ἀκριβῶς
809 1490 919 1539 κάπὶ
948 1493 1195 1554 φροντίδων
1222 1493 1323 1551 βίον

323 1571 401 1619 σὺν
429 1573 491 1633 τῷ
521 1570 678 1633 δικαίῳ
709 1573 839 1628 ζῶσιν
868 1570 1070 1633 αἰσχύνης
1099 1568 1217 1633 ἔτερ.

456 1650 565 1696 Hec.
592 1667 635 1696 v.
666 1651 763 1695 486.

312 1727 369 1775 Ὦ
389 1734 494 1784 Ζεῦ,
515 1729 560 1775 τί
578 1730 709 1784 λέξω;
730 1728 899 1791 πότερά
919 1728 960 1775 σ’
985 1727 1255 1790 ἀνθρώπους
1274 1727 1406 1791 ὃρᾶν;

320 1805 353 1869 ἢ
380 1807 513 1864 δόξαν
542 1805 689 1863 άλλως
716 1807 846 1869 τήνδε
873 1812 1121 1868 κεκτῆσθαι
1147 1808 1287 1870 μάτην

319 1892 483 1947 ψευδῆ,
514 1891 750 1942 δοκοῦντας
779 1887 1000 1946 δαιμόνων
1029 1885 1142 1934 εἶναι
1170 1889 1306 1948 γένος,

321 1967 450 2026 τύχην
478 1969 528 2014 δὲ
558 1966 703 2013 πάντα
730 1966 809 2014 τάν
836 1972 1016 2030 βροτοῖς
1044 1969 1330 2027 έπισκοπεῖν;

454 2046 553 2091 Bel.
581 2061 624 2091 v.
657 2046 779 2091 1150.

310 2125 381 2180 ‘'0,
410 2143 454 2170 τι
481 2126 592 2178 θεὸς
620 2122 652 2183 ἢ
677 2126 740 2184 μὴ
771 2126 880 2179 θεὸς
908 2123 940 2184 ἢ
967 2126 1017 2170 τὸ
1045 2125 1181 2183 μέσον

319 2203 387 2258 τίς
416 2202 530 2265 φαίη
559 2202 796 2266 ἐρευνήσας

316 2288 511 2346 βροτῶν,·
539 2282 814 2345 μακρότατον
842 2284 985 2347 πέρας
1014 2281 1087 2330 εὗ-

317 2368 422 2427 ρεῒν,
454 2359 505 2417 ὃς
532 2365 587 2409 τὰ
615 2368 738 2409 θεῶν
767 2365 906 2426 ἐσορᾷ

319 2444 454 2498 δεινὰ,
483 2443 559 2488 καὶ
585 2438 725 2496 αὖθις
751 2443 904 2500 έκεῖσε,

318 2524 393 2569 καὶ
421 2520 557 2570 πάλιν
586 2520 832 2581 ἀντιλόγοις

318 2599 516 2663 πηδῶντ’
549 2599 831 2655 ἀνελπίστοις
858 2599 1020 2658 τύχαις.

453 2682 593 2739 lphig.
621 2683 676 2725 A.
705 2697 748 2725 v.
780 2682 876 2725 396.

317 2759 372 2807 οὗ
399 2762 483 2822 γὰρ
512 2758 721 2807 ἀσύνετον
739 2761 790 2806 τὸ
809 2764 952 2815 θεῖον,
983 2757 1079 2806 ἀλλ’
1104 2757 1191 2815 ἔχει
1211 2757 1404 2805 συνίεναι

318 2840 424 2894 τοὺς
441 2842 587 2894 κακῶς
605 2840 825 2899 παγέντας
839 2838 999 2901 ὅρκους
1017 2839 1091 2884 καὶ
1110 2854 1403 2899 κατηναγκασ-

1230 2919 1403 2976 μένους.

700 3013 742 3043 v.
776 2999 898 3044 1041.

320 3074 361 3122 εἶ
389 3074 429 3122 δ’
462 3074 548 3122 εἶσὶ
574 3078 693 3133 θεοὶ,
725 3077 897 3132 δίκαιος
926 3074 986 3123 ὢν
1012 3075 1124 3138 ἀνήρ
1156 3076 1211 3123 σύ
1239 3095 1287 3136 γε

321 3156 498 3203 ἐσθλῶν
524 3155 743 3218 κυρήσεις
773 3156 813 3203 εἶ
841 3158 890 3204 δὲ
918 3158 996 3216 μὴ,
1025 3157 1070 3203 τί
1098 3160 1167 3202 δεῖ
1193 3161 1366 3216 πονεῖν,·

698 3251 741 3280 v.
775 3236 899 3282 1200.

317 3308 414 3359 ὥτ’
437 3309 513 3374 ἄρ’
537 3312 772 3369 ἀσυνέτους
800 3316 904 3370 τοὺς
929 3316 1070 3369 θεοὺς
1098 3313 1309 3375 ἡγοίμεθ’
1333 3311 1401 3371 fir,

314 3391 356 3438 εἶ
383 3397 523 3440 τοῖσιν
553 3393 838 3441 αὐθένταισιν
868 3392 918 3441 εὖ
948 3395 1248 3456 φρονήσομεν,·

1683 299 1825 359 lphig.
1854 300 1904 344 Τ.
1934 315 1976 345 v.
2008 300 2104 345 392.

1549 377 1708 426 οὐδένα
1737 380 1824 440 γὰρ
1854 375 1982 437 οἶμαι
2009 378 2234 438 δαιμόνων
2263 375 2375 425 εἶναι
2403 378 2552 425 κακόν.

1682 458 1822 503 Elect.
1853 474 1896 503 v.
1927 458 2024 503 587.

1547 536 1757 584 πέποιθα
1788 535 1845 594 δ’,
1876 535 1908 598 ἢ
1930 538 2016 600 χρὴ
2045 537 2208 598 μηκέθ’
2241 537 2454 600 ἡγεῖσθαι
2481 537 2634 599 θεούς,

1549 617 1589 664 εἰ
1616 615 1760 664 τᾶδικ’
1795 617 1919 665 ἔσται
1946 623 2026 679 τῆς
2056 618 2179 680 δίκης
2207 617 2441 683 ὑπέρτερα.

1913 715 1956 743 v.
1985 699 2082 743 952.

1545 773 1655 839 ἔρρ’,
1686 775 1814 825 οὐδὲν
1844 775 1985 832 εἰδώς.
2016 773 2075 824 ὧν
2104 778 2369 840 ἐφευρεθεὶς
2394 777 2534 840 χρόνῳ

1545 856 1667 918 δίκην
1698 857 1907 911 δέδωκας·
1940 852 2028 903 ὧδέ
2056 875 2122 911 τις
2149 861 2394 920 κακοῦργος
2423 855 2497 903 ὦν·

1543 936 1605 995 μή
1633 954 1725 994 μοι,
1756 938 1806 980 τὸ
1837 940 2014 998 πρῶτον
2041 935 2151 996 βῆμ’
2183 938 2259 983 ἐὰν
2294 937 2444 999 δράμῃ
2473 939 2633 992 καλῶς,

1543 1019 1666 1061 νικᾶν
1696 1015 1879 1061 δοκείτω
1909 1017 1988 1075 τὴν
2018 1016 2154 1077 δίκην,
2184 1018 2287 1077 πρὶν
2317 1015 2370 1062 ὄῖν
2399 1018 2542 1072 πέλας

1543 1100 1746 1156 γραμμῆς
1774 1097 1921 1156 ἵκηται
1950 1096 2024 1141 καὶ
2054 1096 2180 1149 τέλος
2207 1095 2366 1158 κάμψῃ
2394 1097 2510 1154 βίου.

1544 1173 1707 1235 ἔπραξε
1737 1175 1870 1221 δεινά·
1903 1178 2025 1221 δεινοὶ
2055 1175 2097 1221 δ’
2131 1174 2347 1222 ἀντέδωκε
2377 1179 2450 1222 σοὶ

1542 1254 1619 1299 καὶ
1645 1251 1769 1314 τῷδ’.
1799 1253 1887 1310 ἔχει
1915 1256 1998 1317 γὰρ
2029 1253 2054 1300 r‘
2089 1254 2188 1316 δίκη
2216 1256 2330 1314 μέγα
2361 1256 2535 1311 σθένος.

1907 1350 1947 1378 v.
1984 1335 2104 1378 llss9.

1542 1412 1666 1469 νέμει
1693 1408 1775 1458 τοι
1792 1412 1917 1458 δίκαν
1945 1415 2066 1468 θεὸς,
2097 1414 2203 1460 ὅταν
2232 1413 2351 1474 τύχῃ·

1544 1491 1720 1548 σχέτλια
1748 1492 1829 1550 μὲν
1857 1490 2042 1548 ἔπαθες,
2073 1491 2231 1540 ἀνόσια
2260 1492 2302 1540 δ’
2336 1492 2539 1556 εἰργάσω,

1543 1568 1728 1626 τάλαιν’,
1759 1568 1945 1617 εὐνέταν.

1681 1651 1826 1696 Orest.
1856 1667 1896 1695 v.
1931 1652 2051 1696 1363.

1544 1730 1619 1776 διὰ
1649 1729 1775 1784 δίκας
1802 1727 1884 1787 ἔβα
1912 1734 2034 1776 θεῶν

1542 1809 1718 1866 νέμεσις
1746 1808 1810 1862 εἷς
1832 1807 2020 1855 Ἑλέναν.

1679 1890 1833 1947 Suppl.
1863 1906 1905 1932 v.
1938 1889 2030 1933 729.

1543 1970 1624 2014 Ch.
1655 1972 1748 2023 νῦν,
1779 1966 1899 2027 τήνδ’
1933 1965 2123 2014 &samono
2158 1966 2327 2030 ἡμέραν
2354 1966 2499 2015 ἶδοῦσ’
2531 1968 2626 2029 έγά,

1539 2048 1680 2100 θεοὺς
1707 2046 1871 2104 νομίζω
1901 2048 1975 2092 καὶ
2005 2050 2134 2101 δοκῶ,
2165 2049 2245 2101 τὰς
2273 2049 2509 2109 συμφορὰς

1539 2124 1651 2182 ἔχειν
1680 2123 1879 2180 ἔλασσον,
1909 2129 2045 2171 τῶνδε
2074 2125 2286 2171 τισάντων
2315 2126 2453 2187 δίκην.

1539 2206 1624 2250 Ad.
1643 2201 1678 2249 ὦ
1694 2209 1802 2259 Ζεῦ,
1814 2204 1857 2249 τί
1872 2207 1984 2263 δῆτα
1998 2206 2100 2258 τοὺς
2115 2203 2429 2266 ταλαιπώρους
2440 2207 2630 2266 βροτοὺς

1542 2288 1721 2347 φρονεῖν
1749 2284 1950 2344 λέγουσι,·
1981 2288 2062 2331 σοῦ
2092 2285 2174 2346 γὰρ
2203 2284 2496 2347 ἐξηρτήμεθα,

1543 2365 1714 2426 δρῶμέν
1743 2383 1790 2409 τε
1819 2363 2019 2420 τοιαῦθ’,
2051 2360 2080 2410 ὃ
2102 2363 2142 2410 ’ν
2162 2366 2215 2411 σὺ
2234 2364 2445 2427 τυγχάνῃς
2464 2367 2627 2413 θέλων.

1676 2445 1840 2489 Bacch.
1871 2461 1913 2489 v.
1944 2445 2039 2490 385.
2566 2459 2583 2478 ι

1540 2520 1757 2580 ἀχαλίνων
1788 2521 2031 2581 στομάτων,

1540 2600 1708 2660 ἀνόμου
1738 2600 1779 2648 τ’
1813 2600 2082 2664 ἀφροσύνας,

1539 2682 1590 2726 τὸ
1620 2682 1747 2734 τέλος
1776 2682 1998 2737 δυστυχία.

1540 2758 1565 2806 ὃ
1598 2761 1647 2806 δὲ
1675 2764 1755 2814 τᾶς
1784 2758 1968 2819 ἡσυχίας

1538 2838 1691 2895 βίοτος
1720 2839 1794 2884 καὶ
1822 2839 1871 2883 τὸ
1902 2844 2081 2899 φρονεῖν

1541 2915 1784 2963 ἀσάλευτον
1813 2918 1935 2976 μένει
1964 2919 2040 2963 καὶ
2069 2918 2237 2974 συνέχει

1542 3000 1684 3056 δῶμα’
1715 2995 1871 3059 πρόσω
1900 2998 1998 3059 γὰρ,
2030 2995 2129 3042 ἀλλ’
2162 2997 2283 3055 ὅμως
2311 2993 2478 3057 αἰθέρα
2505 2994 2604 3042 ναί-

1541 3094 1663 3130 οντες
1692 3075 1854 3138 ὁρῶσιν
1883 3079 1939 3123 τὰ
1967 3082 2137 3138 βροτῶν
2172 3074 2429 3137 Οὗρανίδαι.

1677 3157 1867 3217 Cyclop.
1897 3159 2033 3201 dram.
2064 3165 2145 3202 sat.
2175 3171 2217 3200 v.
2248 3156 2347 3200 352.

1538 3234 1603 3281 Σύ
1630 3234 1687 3291 τ’,
1720 3233 1756 3281 ὦ
1786 3240 1978 3297 φαεινῶν
2008 3233 2201 3295 ἀστέρων
2230 3232 2362 3280 οἰκῶν
2391 3233 2527 3296 ἕδρας

1539 3319 1641 3369 Ζεῦ,
1673 3313 1779 3368 ξένι’
1804 3315 1888 3376 ὅρα
1908 3313 2024 3359 τάδ’.
2054 3313 2093 3359 εἶ
2111 3315 2194 3374 γὰρ
2215 3311 2327 3359 αῦτὰ
2344 3315 2404 3371 μθ
2426 3314 2623 3371 βλέπεις,

1539 3391 1687 3448 άλλως
1714 3394 1884 3454 νομίζῃ,
1913 3398 2014 3446 Ζεῦ,
2044 3394 2094 3438 τὸ
2123 3394 2262 3454 μηδὲν
2291 3390 2366 3450 ὧν,
2394 3393 2521 3447 θεός.

2403 3461 2426 3500 9
