3117 3854
1389 142 1778 199 πειθπεκ

409 279 415 306 ῖ
483 270 673 320 Quanta
699 282 809 314 vero
836 268 1141 324 Anaxagorae
1170 266 1417 311 auctoritas
1447 267 1569 322 apud
1596 266 1851 322 Euripidem
1885 262 2018 308 fuerit
2053 266 2257 322 quaeque
2296 266 2499 311 debuerit
2536 273 2674 324 poeta
2701 269 2805 315 Cla-

350 349 580 404 zomenio,
619 350 718 407 ejus
754 347 822 391 rei
863 348 1128 390 documenta
1167 361 1269 390 cum
1305 346 1413 390 alibi
1452 353 1544 389 tum
1583 346 1629 388 in
1665 343 1910 403 'tragoediis
1945 343 2058 400 ipsis
2088 343 2372 388 inveniuntur
2401 347 2512 390 satis
2547 348 2696 392 multa.
2754 349 2806 392 In

351 429 413 472 iis
442 429 558 471 enim
587 427 855 482 saepissime
893 440 1078 469 numero
1107 427 1272 467 mentio
1309 427 1359 467 fit
1390 428 1672 468 decretorum
1706 425 2018 481 physicorum,
2063 437 2177 480 quae
2206 431 2372 466 tantam
2399 425 2714 482 Anaxagoreis
2743 430 2802 472 si-

351 507 645 551 militudinem
672 506 854 558 habent,
883 513 931 548 ut
958 506 1101 560 primo
1132 507 1354 560 adspectu
1382 520 1473 548 non
1502 506 1742 560 possimus,
1773 505 1876 560 quin
1905 503 2124 555 miremur,
2154 503 2303 546 illatas
2333 517 2437 546 esse
2466 519 2542 548 res
2572 507 2806 552 abstrusas

355 593 403 629 et
428 585 710 638 reconditas,
755 598 869 642 quae
898 598 928 627 a
957 584 1170 627 dramatis
1199 585 1373 628 ratione
1403 584 1577 627 alienae
1607 598 1635 626 a
1663 590 1797 640 poeta
1825 582 2067 625 abhorrere
2096 583 2314 626 videntur.
2371 584 2528 642 Neque
2559 583 2805 641 defuerunt,

356 665 435 722 qui
461 663 853 720 philosophemata
896 664 984 706 ista
1010 677 1095 719 pro
1126 664 1334 707 inanibus
1372 671 1596 719 tamquam
1643 676 1699 704 ac
1738 662 1910 719 frigidis
1954 662 2264 705 additamentis
2293 663 2532 717 haberent,
2581 665 2741 722 quibus
2778 679 2807 709 a

356 749 495 800 poeta
523 748 832 786 ornamentum
862 742 1089 799 quoddam
1118 742 1287 786 vellent
1316 741 1420 785 addi
1449 740 1614 784 sabulis
1643 740 1717 784 vel
1748 741 1944 796 speciem
1972 740 2170 784 affectari
2198 740 2467 799 philosophi.
2533 743 2708 801 Quippe
2736 758 2806 788 ar-

355 821 646 873 bitrabantur,
675 822 721 864 in
741 821 931 864 intimos·
950 821 1266 876 philosophiae
1286 834 1497 861 recessus
1518 819 1772 875 neutiquam
1801 827 2064 874 penetrasse
2079 819 2348 876 Euripidem,
2377 823 2460 865 sed
2480 822 2639 866 altiora
2666 823 2807 868 fuisse

355 901 684 958 Anaxagorea,
715 911 849 957 quam
877 906 926 942 ut
955 906 1102 943 mente
1133 906 1176 943 et
1206 899 1350 942 animo
1381 887 1616 954 percipere
1645 898 1868 954 potuisset
1898 899 2100 943 Graecus
2130 906 2284 956 poeta3
2325 914 2434 946 ossa
2462 909 2640 958 poetam
2669 903 2807 949 aluci-

355 987 520 1024 nantur
546 978 759 1022 imitando
793 985 1103 1023 consectatum
1132 992 1257 1030 esse,
1289 977 1508 1034 sanguine
1538 976 1612 1020 vel
1641 976 1836 1021 medulla
1864 992 1954 1021 non
1985 978 2300 1022 confirmatum.
2358 980 2407 1023 In
2435 981 2553 1025 hanc
2581 981 2675 1026 fere
2705 998 2805 1027 sen-

356 1060 538 1105 tentiam
566 1059 796 1113 miramur,
829 1059 903 1117 qui
931 1058 1095 1103 factum
1125 1058 1194 1111 sit,
1224 1065 1271 1101 ut
1300 1057 1444 1101 abiret
1474 1057 1605 1100 etiam
1636 1056 1932 1113 Schlegelius,
1964 1057 2037 1115 qui
2069 1073 2168 1102 cum
2197 1058 2304 1102 alibi
2335 1060 2445 1103 satis
2476 1063 2806 1107 consideratum

355 1155 409 1185 se
437 1140 712 1197 praebuerit,
742 1140 889 1183 minus
918 1146 1127 1184 accurate
1159 1139 1212 1182 de
1242 1137 1454 1193 Euripide
1486 1144 1807 1180 commentatus
1838 1144 1918 1181 est.
1992 1138 2166 1181 Etenim
2194 1145 2373 1194 praeter
2400 1139 2556 1184 miram
2586 1144 2808 1198 quandam

356 1220 613 1265 comitatem
643 1228 688 1263 et
715 1218 1142 1276 blandiloquentiam
1171 1217 1324 1261 tribuit
1352 1223 1527 1273 poetae,
1557 1225 1604 1259 ut
1633 1217 1834 1273 plerique
1866 1231 2020 1260 omnes
2048 1222 2100 1269 ¹),
2131 1217 2331 1261 eximiam
2361 1218 2527 1274 ingenii
2555 1221 2805 1265 volubilita-

355 1307 447 1345 tem
474 1315 563 1344 nec
605 1300 877 1344 mediocrem
908 1299 1084 1343 dicendi
1122 1299 1234 1351 vim,
1284 1299 1365 1341 sed
1405 1298 1629 1354 abjudicat
1660 1298 1794 1341 animi
1840 1299 2122 1343 severitatem
2151 1306 2194 1341 et
2233 1299 2590 1351 sanctimoniam,
2637 1316 2808 1345 morum

355 1380 639 1423 honestatem
678 1386 722 1422 et
749 1378 1067 1435 integritatem,
1104 1378 1322 1435 judicium
1352 1376 1607 1434 intelligens
1638 1386 1682 1420 et
1718 1377 1926 1434 elegans,
1971 1385 2109 1420 artem
2140 1385 2183 1420 et
2213 1378 2444 1422 scientiam
2486 1378 2663 1423 fabulas
2691 1382 2808 1424 bene

356 1459 615 1502 instituendi
644 1472 701 1501 ac
728 1458 1156 1514 philosophiam
1184 1471 1276 1499 non
1305 1457 1487 1499 multum
1516 1458 1645 1498 abest
1676 1458 1780 1512 quin
1812 1458 2011 1499 derideat
2034 1462 2084 1508 ²).
2426 1494 2522 1510 “-

493 1538 657 1594 Majori
687 1539 819 1581 etiam
848 1539 1010 1595 injuria
1038 1538 1224 1580 affectus
1254 1545 1324 1579 est
1353 1551 1381 1580 a
1410 1537 1766 1588 Bouterweckio,
1798 1538 1871 1593 qui
1900 1537 1945 1578 in
1967 1536 2421 1582 Commentationibus
2452 1540 2680 1583 societatis
2702 1540 2808 1600 Got-

354 1617 581 1674 tingensis
610 1617 936 1660 recentioribus
973 1617 1066 1669 (IV.
1097 1633 1139 1673 p.
1174 1616 1191 1659 1
1215 1641 1270 1649 —
1291 1615 1365 1668 34)
1398 1616 1705 1673 quaestionem
1734 1617 1789 1658 de
1825 1616 2199 1673 philosophia
2227 1619 2538 1674 Euripidea
2566 1620 2809 1663 institutam

354 1697 571 1753 vulgavit.
630 1697 674 1738 Is
705 1697 822 1738 enim
853 1710 1116 1754 quamquam
1134 1697 1336 1752 Euripidi
1364 1710 1455 1737 non
1485 1698 1669 1752 imputat
1697 1698 1895 1751 putidum
1925 1710 1979 1738 ac
2007 1711 2168 1739 vanum
2199 1699 2396 1740 imitandi
2427 1700 2631 1753 studium,
2661 1707 2809 1743 tamen

355 1777 404 1818 in
432 1776 678 1834 tragoediis
708 1776 900 1833 plurima
930 1777 1014 1819 sibi
1042 1778 1168 1819 visus
1200 1776 1536 1833 deprehendere
1567 1777 1682 1818 inter
1712 1791 1761 1818 se
1792 1778 2034 1834 pugnantia
2063 1792 2152 1820 non
2181 1779 2326 1821 minus
2358 1779 2647 1834 confidenter,
2677 1793 2810 1838 quam

355 1864 525 1900 temere
553 1855 1044 1919 affirmagEuripidem
1072 1864 1119 1898 ut
1147 1857 1374 1899 hominem
1395 1856 1556 1913 judicii
1585 1857 1886 1899 inconstantia
1914 1857 2136 1915 animique
2167 1857 2347 1902 levitate
2378 1859 2594 1916 insignem
2622 1860 2682 1903 ad
2708 1859 2805 1916 phi-

354 1935 596 1993 losophiae
626 1936 774 1980 studia
803 1950 1081 1992 propensum
1111 1936 1286 1995 quidem
1315 1934 1477 1988 fuisse,
1508 1936 1590 1979 sed
1619 1950 1709 1978 non
1740 1943 1861 1978 tanto
1891 1936 2069 1992 ingenio
2099 1937 2369 1992 praeditum,
2400 1938 2475 1994 qui
2503 1938 2548 1980 in
2577 1938 2678 1994 ipsa
2708 1939 2806 1995 ejus

355 2015 608 2072 penetralia
636 2016 802 2059 intrare
831 2016 1047 2072 potuerit3
1079 2024 1280 2059 tortuosa
1309 2022 1456 2058 autem
1487 2023 1530 2058 et
1560 2014 1776 2070 perplexa
1817 2016 1871 2057 de
1902 2017 2107 2059 obscuris
2137 2024 2324 2060 naturae
2354 2018 2490 2060 rebus
2519 2016 2807 2073 philosophe-

355 2102 480 2139 mata
520 2101 700 2151 poetam
738 2094 1009 2148 inseruisse,
1058 2109 1149 2139 non
1189 2100 1235 2136 ut
1282 2095 1580 2150 probarentur
1619 2094 1751 2137 etiam
1780 2090 1898 2146 aliis,
1948 2095 2030 2138 sed
2059 2102 2106 2137 ut
2150 2095 2437 2140 occasionem
2473 2096 2809 2140 nancisceretur

356 2174 654 2218 ostentandae
685 2174 966 2226 eruditionis3
1016 2181 1245 2231 pugnante
1284 2181 1442 2217 natura
1478 2173 1791 2230 philosophiae
1831 2174 2024 2217 deditum
2061 2189 2151 2216 non
2186 2179 2334 2218 omnia
2369 2190 2469 2218 eum
2507 2175 2810 2233 Anaxagorea

358 2252 599 2310 didicisse,
649 2253 731 2296 sed
762 2251 941 2309 singula
968 2259 1160 2304 tantum,
1210 2267 1300 2295 non
1330 2261 1420 2296 tam
1448 2253 1494 2295 in
1522 2253 1618 2297 veri
1649 2253 1933 2295 meditatione
1965 2252 2155 2296 defixum
2185 2253 2327 2297 fuisse
2357 2261 2554 2310 poetam,
2604 2268 2735 2311 quam
2762 2254 2809 2297 in

359 2332 593 2376 sententiis
614 2331 989 2388 conglutinandis,
1018 2339 1067 2375 ut
1085 2333 1143 2375 ad
1164 2332 1343 2375 inanem
1363 2332 1583 2375 sermonis
1606 2331 1873 2387 elegantiam
1894 2332 2036 2375 omnis
2057 2333 2114 2375 sit
2145 2334 2326 2376 detrusa
2354 2334 2612 2391 tragoediae
2641 2333 2711 2377 vis
2740 2333 2806 2376 fu-

357 2419 575 2469 catusque
613 2411 731 2454 nitor
768 2411 989 2468 expulerit
1025 2413 1220 2455 nativam
1254 2412 1386 2454 istam
1425 2411 1732 2469 granditatem.
1799 2411 1897 2453 Nec
1934 2411 1981 2452 id
2011 2411 2154 2454 solum
2192 2413 2391 2468 Euripidi
2439 2414 2643 2456 vertebat
2686 2413 2807 2465 vitio,

356 2506 515 2536 verum
543 2492 756 2543 addebat,
797 2493 852 2535 de
881 2492 1099 2548 religione
1129 2491 1445 2548 philosophum
1475 2491 1702 2534 scenicum
1732 2505 1822 2533 non
1852 2492 1968 2533 bene
1999 2506 2101 2535 esse
2131 2493 2353 2544 meritum,
2402 2493 2673 2535 imminutam
2702 2506 2807 2535 esse

357 2572 456 2629 ejus
485 2572 730 2628 tragoediis
765 2587 938 2615 morum
971 2572 1274 2624 honestatem,
1312 2585 1448 2615 verae
1487 2571 1662 2615 virtutis
1700 2586 1883 2614 sensum
1921 2586 2011 2614 non
2051 2571 2374 2625 confirmatum,
2412 2573 2494 2615 sed
2535 2571 2807 2615 debilitatum

357 2658 404 2695 et
433 2652 724 2708 depravatum
748 2655 798 2704 ³).

437 2756 467 2797 ¹)
492 2753 636 2791 Quinct.
661 2755 771 2789 instit.
797 2761 888 2790 orat.
913 2755 961 2790 X.
990 2755 1021 2790 1.
1048 2755 1082 2796 S.
1108 2755 1164 2789 67.
1189 2774 1235 2780 —-
1260 2754 1336 2789 Cic.
1362 2754 1428 2799 Ep.
1455 2753 1513 2789 ad.
1540 2753 1651 2789 famil.
1677 2754 1775 2789 xvi.
1800 2755 1833 2790 8.
1860 2774 1905 2779 —

433 2811 464 2855 ²)
488 2811 533 2846 A.
560 2808 624 2846 W.
649 2821 723 2846 von
752 2809 936 2856 Schlegel.
961 2809 1218 2857 Vorlesungen
1249 2808 1341 2845 uber
1372 2808 1611 2845 dramatische
1642 2809 1760 2846 Kunst
1784 2822 1818 2846 u.
1853 2809 2049 2846 Litteratur
2080 2809 2107 2847 1.
2134 2823 2169 2858 p.
2201 2810 2276 2847 198.
2308 2810 2384 2853 „Er
2414 2822 2492 2847 war
2523 2811 2581 2846 ein
2612 2809 2808 2846 unendlich

492 2867 721 2901 sinnreicher
749 2866 866 2914 Kopf,
896 2867 932 2900 in
966 2866 1036 2901 den
1068 2867 1401 2913 mannigfaltigsten
1426 2867 1592 2901 Kunsten
1618 2867 1683 2901 des
1708 2867 1852 2901 Geistes
1877 2867 2067 2913 gewandt:
2102 2868 2190 2902 aber
2223 2869 2325 2902 einer
2347 2867 2447 2902 Faue
2478 2878 2553 2902 von
2582 2866 2808 2912 glanzenden

492 2922 569 2957 und
598 2922 931 2969 liebenswssrdigen
955 2922 1237 2970 Eigenschasten
1270 2923 1377 2958 stand
1407 2923 1467 2958 bei
1491 2923 1564 2959 ihm
1588 2923 1688 2959 nieht
1711 2923 1777 2959 der
1800 2923 1984 2959 erhabene
2009 2923 2115 2958 Ernst
2139 2923 2203 2958 des
2229 2923 2424 2965 Gemssths,
2454 2923 2549 2958 noch
2579 2922 2637 2957 die
2661 2928 2808 2968 strenge

492 2980 758 3015 kunstlerische
781 2980 965 3015 Weisheit
995 2981 1161 3015 ordnend
1184 2993 1272 3023 vor,
1301 2982 1360 3015 die
1391 2983 1459 3016 wir
1490 2992 1547 3016 am
1572 2982 1775 3028 Aeschylus
1804 2982 1876 3016 und
1900 2981 2109 3028 Sophokles
2141 2981 2334 3016 verehren.
2381 2981 2429 3015 Er
2457 2980 2571 3015 strebt
2594 2981 2720 3014 immer
2742 2989 2811 3013 nur

491 3049 536 3072 zu
560 3036 734 3082 gesallen,
757 3036 952 3083 gleichviel
977 3036 1090 3073 durch
1114 3038 1256 3074 welche
1278 3037 1410 3075 Mittel.
1457 3036 1593 3073 Darum
1620 3039 1664 3072 ist
1688 3050 1729 3072 er
1752 3037 1829 3073 sich
1853 3037 1967 3072 selbst
1989 3050 2032 3071 so
2058 3036 2244 3082 ungleich3
2282 3036 2485 3072 manchmal
2510 3036 2571 3072 hat
2596 3049 2636 3071 er
2659 3035 2809 3071 hinreis·

491 3093 585 3129 send
608 3094 747 3130 achone,
771 3095 924 3136 Stellen,
949 3095 1086 3130 andere
1110 3095 1210 3131 Male
1234 3097 1332 3131 sinkt
1357 3108 1397 3131 er
1419 3097 1455 3131 in
1479 3095 1605 3130 wahre
1630 3095 1919 3130 Gemeinheiten.
1968 3094 2035 3129 Bei
2061 3095 2156 3129 allen
2180 3096 2308 3129 seinen
2333 3094 2486 3129 Fehlern
2510 3094 2640 3128 besitzt
2663 3103 2704 3127 er
2727 3093 2809 3127 eine

491 3150 813 3198 wunderwurdige
830 3150 1073 3199 Leichtigkeit
1089 3152 1161 3187 und
1179 3153 1286 3188 einen
1304 3154 1487 3199 gewissen
1505 3152 1883 3188 einschmeichelnden
1901 3152 2029 3187 Reiz.=⁴
2047 3172 2091 3177 —
2113 3164 2149 3200 p.
2167 3152 2247 3187 210.
2275 3151 2487 3199 „Euripides
2503 3150 2603 3186 hatte
2620 3148 2678 3183 die
2694 3148 2808 3183 Schu-

490 3207 552 3243 len
575 3208 642 3243 der
662 3207 914 3255 Philosophen
938 3208 1110 3252 besucht3
1144 3210 1192 3244 da
1214 3215 1307 3245 setzt
1331 3221 1372 3245 er
1396 3210 1493 3245 denn
1520 3210 1601 3245 eine
1624 3209 1793 3244 Eitelkeit
1822 3210 1968 3249 darein,
2002 3209 2128 3243 immer
2158 3208 2222 3243 auf
2248 3208 2387 3243 allerlei
2410 3205 2673 3252 Philosophme
2702 3215 2808 3239 anzu-

491 3264 694 3312 zuspielen:
728 3265 866 3301 meines
889 3264 1113 3302 Bedssnkens
1152 3265 1217 3301 auf
1244 3265 1330 3303 sehr
1360 3267 1681 3303 unvollkommene
1705 3268 1788 3310 Art,
1819 3279 1862 3302 so
1893 3267 1978 3302 dass
2011 3278 2093 3302 man
2127 3266 2228 3302 diese
2259 3265 2405 3302 Lehren
2436 3263 2535 3299 nicht
2566 3261 2697 3298 daraus
2728 3272 2808 3297 ver-

491 3320 622 3358 sichen
645 3322 754 3366 wir-d,
777 3334 886 3359 wenn
911 3335 994 3360 man
1017 3323 1072 3359 sie
1096 3323 1195 3359 nicht
1217 3323 1332 3359 sehon
1356 3336 1470 3360 zuvor
1493 3324 1644 3361 kennt.“

436 3377 468 3425 ³)
492 3377 552 3415 Ne
575 3378 671 3415 falsa
685 3378 876 3416 videamur
891 3379 1052 3425 tradere,
1068 3379 1128 3416 sac
1144 3380 1271 3416 audias
1288 3380 1368 3428 ipsa
1381 3380 1652 3417 Bouterweckii
1675 3381 1800 3418 verba.
1834 3380 1881 3418 P.
1899 3381 1934 3417 0.
1958 3380 2081 3426 „Certi
2098 3381 2185 3417 nihil
2200 3380 2389 3429 Euripides
2406 3380 2451 3414 de
2467 3378 2576 3415 rebus
2593 3377 2723 3413 divinis
2739 3382 2809 3412 sta-
