3117 3854
1276 167 1702 225 mla-«128

268 293 472 338 censenti
493 297 528 345 ¹)
557 289 828 349 suffragatus
857 290 1039 348 saepius
1069 289 1237 343 docuit,
1265 297 1452 335 mortem
1479 289 1650 335 formae
1679 297 1849 336 tantum
1875 292 2161 337 mutationem
2190 305 2295 338 esse
2324 293 2561 351 pristinae3
2590 296 2712 353 quod

265 371 476 424 intereat,
502 383 595 414 non
623 383 751 423 esse3
781 370 950 423 omnia,
977 370 1098 414 unde
1125 367 1330 426 profecta
1357 370 1466 424 sint,
1495 370 1541 414 in
1569 369 1688 414 idem
1714 370 1940 424 recidere3
1969 378 2149 415 terrena
2175 373 2322 417 redire
2351 373 2410 417 ad
2439 380 2624 428 terram,
2652 376 2712 419 ad

264 449 451 494 aethera
476 449 663 504 reverti,
693 463 809 508 quae
838 448 928 492 sint
956 447 1142 504 originis
1170 446 1422 492 aethereae.

401 529 530 578 Quae
569 529 659 572 huo
703 533 911 583 spectant
949 526 1192 583 Euripidea
1236 527 1518 583 reperiuntur
1559 527 1606 569 in
1654 527 1895 586 Chrysippi
1937 528 2118 572 fabulae
2163 529 2422 585 deperditae
2461 530 2711 589 fragmento

266 613 394 651 sexto
424 615 469 652 et
503 607 550 651 in
580 605 869 663 Supplicibus
897 619 940 649 v.
971 604 1053 649 533
1083 619 1163 663 sq„
1193 619 1221 648 e
1257 606 1416 663 quibus
1450 605 1701 649 luculenter
1727 615 1933 663 apparet,
1962 622 2039 651 res
2067 622 2158 651 non
2186 609 2301 651 mori
2326 608 2403 653 vel
2432 609 2592 663 deleri,
2628 613 2714 655 sed

265 687 442 745 sejungi
468 693 649 739 tantum,
678 692 738 738 ut,
769 699 868 728 cum
893 686 1029 728 menti
1057 686 1115 728 ad
1144 685 1338 738 aethera,
1369 687 1547 742 corpori
1574 686 1633 729 ad
1662 693 1825 729 terram
1848 688 2017 730 reditus
2048 689 2117 740 sit,
2149 702 2260 731 suae
2288 689 2495 747 quodque
2524 696 2714 733 naturae

261 768 486 814 reddatur·
529 765 612 810 His
636 766 765 818 enim,
795 779 909 823 quae
928 765 1060 808 modo
1091 770 1248 823 (supra
1275 780 1319 822 p.
1342 764 1428 817 ll.)
1450 765 1675 809 attulimus
1704 780 1762 809 ex
1783 765 2037 823 Chrysippo
2063 767 2235 821 fabula,
2257 769 2362 826 jure
2403 770 2605 825 proxime
2633 770 2712 813 ad-

255 846 467 906 junxisse
507 845 690 890 Grotius
729 845 905 889 videtur
942 859 1016 899 ea,
1053 858 1167 903 quae
1206 851 1309 889 sunt
1345 847 1465 902 apud
1501 845 1674 889 Philon.
1702 845 1803 888 Jud.
1844 862 1893 890 π.
1931 843 2135 907 ἆφθαρσ.
2174 845 2344 906 κόσμου
2371 864 2415 906 p.
2445 848 2542 893 948.
2574 849 2624 892 C.
2653 849 2710 893 D.

265 926 356 980 (ed.
386 923 601 977 Hoeseh.)

349 1007 487 1066 χωρεῖ
514 1000 554 1049 δ’
588 999 736 1050 ὀπίσω
764 1003 821 1048 τὰ
849 1003 930 1060 μὲν
958 1002 1006 1049 έκ
1034 1001 1164 1062 γαίας
1531 1006 1727 1060 βεβᾶσιν.
1759 1001 1901 1065 αἰθὴρ
1931 1001 2019 1060 ἔχει
2047 1022 2112 1049 νιν
2141 1001 2237 1066 ἤδη,

354 1080 479 1144 φύντ’
514 1079 576 1136 εἷς
604 1086 745 1141 γαῖαν,
776 1082 831 1128 τὰ
861 1079 901 1128 δ’
936 1079 1016 1128 ἀπ’
1050 1080 1261 1144 αἰθερίου
1532 1083 1674 1144 πυρὸς
1701 1081 1940 1138 τετακότας
1969 1085 2140 1145 σποδῷ.

350 1159 600 1220 βλαστόντα
627 1165 760 1220 γονῆς
790 1159 854 1214 εἷς
882 1158 1086 1221 οὐράνιον
1668 1161 1823 1207 Helen.
1853 1179 1896 1208 v.
1931 1162 2054 1208 1020.

353 1240 496 1305 πόλον
523 1238 641 1300 ἦλθε
669 1239 819 1286 πάλιν·
848 1239 1037 1298 θνήσκει
1065 1239 1194 1288 οῦδὲν
2355 1278 2437 1287 ......
2460 1240 2485 1288 ὃ
2516 1245 2622 1297 νοῦς

352 1324 439 1366 τῶν
467 1318 743 1379 γιγνομένων,
775 1317 1103 1381 διακρινόμενον
1123 1317 1164 1366 δ’
1531 1323 1617 1366 τῶν
1646 1318 1955 1367 κατθανόντων
1977 1322 2029 1379 ζῆ
2048 1321 2129 1379 μὲν
2159 1318 2225 1376 οὗ,
2257 1318 2429 1381 γνώμην
2459 1319 2500 1368 δ’
2534 1320 2623 1379 ἔχει

352 1395 464 1445 ἷίλλο
493 1400 608 1460 πρὸς
637 1394 776 1450 ἄλλου
1531 1396 1778 1455 ἀθάνατον,
1810 1397 1873 1453 εἷς
1902 1397 2129 1447 ἀθάνατον
2159 1398 2310 1461 αἰθέρ’
2344 1400 2564 1459 ἐμπεσών.

350 1480 531 1541 μορφὴν
559 1477 676 1525 ἶδίαν
705 1476 926 1532 ἀπέδειξε.
1666 1480 1825 1525 Incert.
1857 1487 1965 1537 trag.
1996 1479 2048 1524 fr.
2080 1479 2299 1525 CXXVII.

488 1559 643 1617 Suppl.
672 1575 714 1604 v.
745 1558 842 1604 533.
1087 1595 1090 1597 .
1530 1557 1555 1606 ὁ
1587 1556 1628 1606 δ’
1662 1555 1764 1621 ἷίρτι
1792 1558 1977 1606 θάλλων
2007 1563 2148 1618 σῶμα,
2180 1562 2390 1620 διοπετὴς
2420 1558 2546 1615 ὅπως

353 1674 483 1683 .........
507 1638 620 1684 ὅθεν
648 1637 690 1683 δ’
724 1638 908 1683 ἕκαστον
937 1636 1001 1690 εἶς
1028 1638 1079 1683 τὸ
1110 1635 1217 1694 σῶμ’
1252 1634 1439 1697 ἄφίκετο
1531 1638 1671 1700 ἀστὴρ
1700 1637 1888 1699 ἀπέσβη,
1919 1637 2074 1696 πνεῦμ’
2108 1637 2239 1700 ἀφεὶς
2269 1639 2333 1693 εἷς
2361 1639 2542 1700 αἰθέρα.

350 1715 530 1764 ἐνταῦθ’
554 1714 786 1772 ἀπελθεῖν,
815 1720 989 1774 πνεῦμα
1017 1717 1099 1774 μὲν
1117 1717 1233 1777 πρὸς
1260 1715 1439 1778 αἰθέρα,
1667 1720 1825 1764 Incert.
1855 1727 1966 1777 trag.
1995 1718 2049 1763 fr.
2082 1719 2235 1766 CLIV.

349 1797 400 1842 τὸ
431 1799 560 1854 σῶμα
590 1793 630 1842 δ’
664 1794 727 1849 εἷς
755 1799 848 1854 γῆν·
881 1792 978 1841 οὔτι
1007 1796 1091 1856 γὰρ
1120 1793 1374 1854 κεκτήμεθα
1530 1795 1731 1855 βάσομαί
1758 1795 1798 1842 τ’
1831 1798 1877 1850 ἐς
1907 1796 2074 1858 αἰθέρα
2103 1798 2246 1843 πολὺν

348 1874 562 1937 ἡμέτερον
591 1874 712 1931 αὐτὸ,
743 1877 858 1934 πλὴν
888 1876 1117 1934 ἐνοικῆσαι
1143 1875 1258 1932 βίον.
1532 1875 1735 1938 ἀερθεὶς,
1766 1878 1876 1936 Ζηνὶ
1905 1876 2178 1937 προσμίξων.

349 1951 541 2000 κῖίπειτα
568 1954 647 2012 τὴν
675 1953 919 2014 θρέψασαν
949 1951 1055 1998 αὐτὸ
1087 1955 1157 1998 δεῖ
1184 1955 1348 2011 λαβεῖν.
1668 1957 1826 2000 Helen.
1855 1971 1898 2000 v.
1931 1957 2053 2000 1239.

348 2033 520 2077 Eodem
547 2034 788 2089 pertinent:
1528 2034 1718 2094 νεφέλης
1745 2035 1887 2092 λέγεις
1916 2030 2096 2092 ι’ίγαλμ’;
2127 2034 2173 2084 ἐς
2200 2031 2352 2093 αἰθέρ’
2386 2031 2570 2087 οἴχεται.

485 2113 674 2170 Hypsip.
703 2112 757 2155 fr.
787 2112 865 2154 vl.
1667 2115 1814 2157 Orest.
1844 2128 1887 2157 v.
1920 2113 2039 2157 1085.

352 2227 571 2237 ...............
593 2190 668 2236 καὶ
695 2187 792 2236 τάδ’
827 2185 1044 2247 ἷίχθονται
1071 2190 1228 2252 βροτοὶ
1527 2190 1643 2252 μήθ’
1675 2187 1788 2251 αἷμά
1816 2208 1906 2238 που
1936 2191 2109 2246 δέξαιτο
2139 2188 2367 2253 κάρπιμον
2395 2190 2535 2238 πέδον

348 2268 411 2324 εἷς
440 2273 520 2330 γῆν
550 2270 760 2332 φέροντες
788 2273 881 2330 γῆν·
1525 2272 1588 2330 μὴ
1618 2271 1823 2331 λαμπρὸς
1842 2268 1995 2331 αἰθὴρ,
2027 2268 2075 2315 εἴ
2099 2267 2140 2316 σ’
2174 2270 2260 2330 ἐγὼ
2280 2269 2481 2331 προδούς
2508 2287 2619 2317 ποτε

485 2349 641 2407 Suppl.
669 2366 712 2394 v.
747 2348 899 2397 1137»
1527 2348 1837 2411 ἐλευθερώσας
1865 2347 2027 2407 τούμὸν
2057 2346 2335 2408 ἀπολίποιμί
2364 2366 2429 2397 σε.

346 2434 543 2488 βεβᾶσιν,
572 2427 652 2476 οὒκ
709 2426 770 2476 ἔτ’
803 2427 891 2475 εἶσί
919 2446 1005 2484 σοι,
1034 2433 1186 2490 μᾶτερ,
1216 2427 1359 2475 τέκνα.

255 2509 397 2568 lphig.
426 2510 477 2553 Τ.
505 2525 549 2554 v.
581 2508 704 2553 1466.
733 2511 931 2567 γυναῖκες
964 2508 1275 2568 ψυχορραγεῖς.
1304 2533 1361 2542 —-
1393 2507 1526 2553 Here.
1556 2508 1639 2554 fur.
1669 2522 1711 2553 v.
1742 2507 1838 2554 324.
1869 2507 1998 2555 τέκνα
2037 2508 2421 2570 ψυχορραγοῦντα.
2451 2534 2507 2542 —
2535 2509 2634 2554 Alc.
2663 2524 2706 2554 v.

258 2589 328 2636 19.
357 2608 386 2647 η
422 2589 784 2649 ψυχορραγοῦσα.
820 2615 877 2622 --
909 2604 951 2632 v.
984 2587 1078 2632 141.
1109 2582 1193 2646 ἤδη
1221 2584 1465 2648 προνωπής
1494 2587 1588 2633 ἐστι
1624 2587 1701 2633 καὶ
1727 2588 2019 2648 ψυχοῤῥαγεῖ.
2058 2614 2114 2621 —-
2150 2588 2320 2633 Phoen.
2350 2602 2394 2632 v.
2425 2586 2522 2633 822.
2554 2611 2605 2621 ·-
2637 2587 2706 2632 Cf.

257 2668 410 2712 Sehol.
441 2669 501 2711 ad
530 2669 677 2712 Orest.
707 2684 751 2711 v.
783 2667 906 2712 1085.
934 2664 1044 2724 μήτε
1072 2666 1124 2711 τὸ
1160 2663 1289 2722 σῶμά
1317 2684 1425 2723 μου,
1466 2667 1619 2726 φησὶν,
1651 2663 1967 2720 ἀποθανόντος
1997 2664 2024 2726 ἡ
2056 2670 2111 2725 γῆ
2142 2665 2464 2727 παραδέξαιτο,
2492 2664 2604 2724 μήτε
2634 2665 2699 2720 εἷς

256 2746 424 2808 αἰθέρα
462 2745 490 2791 r‘·
521 2747 604 2805 ἐμὴ
634 2747 756 2807 ψυχῦ
784 2744 1001 2807 χωρίσοι,
1040 2743 1087 2791 εἷ’
1111 2763 1160 2791 σε
1190 2744 1407 2806 προδοίην
1435 2749 1580 2792 τανῦν.
1610 2745 1811 2792 τουτέστι
1839 2747 1902 2805 μὴ
1934 2744 2149 2806 ένωθείην
2178 2749 2270 2799 τοῖς
2299 2742 2533 2802 στοιχείοις
2560 2746 2710 2791 τελευ-

254 2824 407 2885 τήσας.
437 2825 483 2871 οἱ
520 2827 602 2886 γὰρ
633 2823 995 2884 ἀποθνήσκοντες
1022 2822 1117 2869 κατ’
1152 2822 1313 2878 αὐτοὺς
1340 2823 1402 2877 εἷς
1429 2826 1484 2870 τὰ
1515 2830 1710 2882 στοιχεῖα
1739 2824 2025 2879 ἀναλύονται,
2055 2825 2105 2878 ἐξ
2133 2818 2192 2869 ὧν
2221 2821 2346 2870 εἰσίν.
2373 2849 2430 2857 —-

395 2905 479 2949 His
497 2905 560 2949 ita
586 2906 783 2949 breviter
802 2905 1019 2962 expositis
1037 2919 1228 2961 pergere
1255 2904 1361 2949 lieet
1389 2904 1447 2948 ad
1466 2904 1666 2961 alteram,
1696 2920 1813 2964 quae
1831 2913 1986 2959 restat,
2015 2903 2289 2962 quaestionis
2307 2909 2490 2959 partem.
2541 2901 2703 2960 Neque

334 3075 364 3119 ¹)
389 3073 436 3109 cf.
461 3074 582 3110 Anax.
609 3073 653 3110 fr.
685 3074 802 3110 XXII.
827 3092 872 3098 —
895 3073 993 3109 plut.
1019 3073 1066 3108 ‹le
1089 3073 1184 3120 plac.
1216 3074 1347 3120 philos.
1372 3073 1398 3108 1.
1425 3074 1506 3109 389.
1526 3073 1774 3122 Ἀναξαγόρας
1804 3073 1946 3123 ὁμοίων
1973 3074 2039 3117 τὴν
2061 3071 2178 3120 φύσιν
2199 3069 2395 3117 σύγκρισιν
2424 3071 2488 3106 καὶ
2511 3068 2713 3118 διάκρισιν,

387 3134 550 3168 τουτέστι
579 3134 726 3178 γένεσιν
752 3133 815 3168 καὶ
845 3126 1010 3180 φθοράν.
1043 3150 1090 3159 -
1120 3128 1165 3168 V.
1199 3130 1278 3169 482.
1313 3128 1360 3172 ὡς
1383 3132 1444 3167 καὶ
1475 3128 1724 3180 Ἀναξαγόρας
1753 3133 1816 3169 καὶ
1846 3130 2060 3180 Εὐριπίδης.
2114 3125 2267 3175 θνήσκει
2297 3126 2335 3164 δ’
2372 3126 2511 3171 οὐδὲν,”
2533 3139 2718 3178 μεταμει-

388 3185 531 3238 βόμενα
555 3187 597 3226 δὲ
621 3185 711 3225 ἄλλο
735 3187 829 3237 πρὸς
850 3185 940 3225 ἄλλο
961 3186 1115 3239 μορφὰς
1138 3187 1287 3230 ἔδειξεν.
1313 3207 1358 3215 -
1382 3187 1426 3224 V.
1443 3188 1523 3226 489.
1542 3188 1636 3225 εἶναι
1658 3189 1701 3226 δὲ
1725 3191 1788 3225 καὶ
1813 3191 1933 3237 ψυχῆς
1955 3186 2119 3224 θάνατον
2140 3185 2205 3222 τὸν
2227 3182 2483 3235 διαχωρισμόν
2506 3186 2545 3230 (i.
2574 3197 2609 3221 e.
2627 3183 2718 3220 διά-

389 3248 542 3293 κρισιν).
565 3264 612 3272 -
634 3245 781 3281 Hei-acl.
804 3245 914 3289 Pont.
948 3245 1064 3291 Alleg.
1098 3245 1247 3281 Homer.
1273 3257 1311 3292 p.
1336 3245 1392 3282 76.
1418 3246 1495 3290 (ed.
1521 3246 1689 3290 Schow.)
1717 3246 1791 3281 ἀλλ’
1829 3245 1848 3281 ὀ
1872 3247 2116 3292 Κλαζομένιος
2136 3242 2385 3291 Ἀναξαγόρας
2410 3242 2503 3278 κατὰ
2533 3241 2718 3289 διαδοχὴν

387 3314 576 3350 γνωριμος
604 3315 658 3340 ων
689 3300 850 3347 Θάλητος
880 3304 1064 3345 συνέζευξε
1094 3304 1145 3348 τῷ
1178 3300 1283 3338 ὕδατι
1312 3300 1485 3352 δεύτερον
1514 3307 1697 3351 στοιχεῖον
1724 3301 1793 3348 τὴν
1819 3304 1910 3351 γῆν,
1939 3303 1999 3337 ἵνα
2023 3301 2117 3348 ξηρῳ
2140 3299 2279 3348 μιχθὲν
2309 3297 2427 3347 ὑγρὸν
2449 3299 2490 3341 ἐξ
2504 3297 2719 3337 ἆντιπαλου

389 3355 538 3406 φύσεως
559 3362 610 3400 εἰς
630 3363 724 3409 μίαν
746 3357 927 3409 ὁμόνοιαν
948 3359 1154 3408 ιἰνακραθῇ.
1186 3377 1233 3386 ·-·
1262 3359 1333 3397 Διὸ
1366 3359 1414 3405 δὴ
1436 3373 1490 3397 τοι
1480 3363 1512 3401 ἴς
1533 3363 1794 3409 Κλαζομενίοις
1825 3357 1984 3407 δόγμασι
1988 3371 2011 3394 ν
2032 3355 2213 3406 ἑπόμενος
2243 3357 2451 3410 Εὐριπίδης
2478 3361 2584 3407 φησί·
2602 3358 2725 3407 χωρεῖ

389 3415 427 3452 δ’
434 3414 565 3459 ὀπίσω
587 3417 630 3453 τὰ
654 3418 727 3466 μὲν
750 3418 790 3454 ἔκ
812 3421 920 3464 γαίας
943 3413 1066 3465 φύντα
1088 3420 1139 3458 εἰς
1161 3420 1285 3466 γαῖαν,
1308 3431 1352 3454 τα
1377 3418 1412 3454 δ’
1442 3417 1502 3455 αγί
1531 3421 1681 3470 αἰθρίου
1702 3414 1905 3464 ῥλαστόντα
1928 3417 2039 3462 γονῆς
2062 3417 2112 3455 εἷς
2135 3416 2281 3466 αἰθέρα.
2411 3472 2436 3509 4
