3117 3854
1350 139 1776 198 ata-*141⁶*

333 268 456 312 enim
494 274 568 311 sat
598 267 814 310 habemus
846 264 1138 321 physicorum
1174 262 1374 306 rationes
1412 262 1726 317 perspexisse,
1764 262 1847 304 sed
1883 261 1996 304 illud
2023 262 2207 318 insuper
2245 263 2570 307 enucleandum
2596 261 2786 316 videtur,

332 347 394 393 iis
423 363 512 405 quo
547 352 680 404 pacto
708 359 821 388 usus
856 342 916 387 sit
948 349 1086 399 poeta
1113 341 1159 385 in
1187 340 1282 386 vita
1317 339 1605 398 moribusque
1640 338 1935 385 instituendis.
1991 338 2292 397 Anaxagoras
2329 340 2448 387 enim
2473 340 2646 401 ‚aliique
2671 338 2786 400 phy-

337 427 424 472 sici
453 438 584 483 quam
610 423 794 468 vivendi
821 422 1041 467 rationem
1071 419 1430 478 deprompserint
1459 434 1515 464 ex
1544 419 1621 472 iis,
1651 433 1766 477 quae
1797 419 1853 464 de
1881 434 2030 464 rerum
2057 425 2216 463 natura
2243 425 2512 474 statuerant,
2539 427 2788 479 temporum

334 504 498 563 injuria
527 518 629 547 cum
656 501 753 547 fere
780 501 919 547 lateat
947 508 993 546 et
1019 501 1066 545 in
1095 499 1273 546 occulto
1304 500 1362 545 sit
1390 503 1446 552 ¹):
1483 513 1700 557 perquam
1729 499 1914 557 contigit
1942 504 2208 556 opportune,
2245 504 2312 553 ut,
2341 511 2458 557 quae
2486 499 2544 543 ab
2573 499 2787 558 Euripide

334 583 572 640 proposita
615 589 719 625 sunt
768 583 824 626 de
868 588 1029 624 natura
1075 594 1226 624 rerum
1268 580 1586 632 humanarum,
1637 580 1692 622 de
1740 593 1931 635 corpore
1976 586 2022 622 et
2067 585 2235 631 mente,
2283 579 2340 622 de
2385 578 2505 622 vitae
2541 578 2787 637 mortisque

335 670 458 708 statu
495 670 540 706 et
585 676 702 718 quae
741 668 845 704 sunt
881 661 929 703 id
976 675 1121 717 genus
1170 660 1281 712 alia,
1330 658 1535 702 conferre
1572 658 1707 702 liceat
1745 673 1845 700 cum
1881 657 2084 713 physicis
2120 658 2323 714 ejusdem
2361 671 2477 714 quac
2522 657 2672 702 dicunt
2708 658 2788 702 de·

336 743 485 786 cretis.
541 740 813 784 Rectissime
852 740 970 783 enim
1005 740 1131 783 initio
1163 740 1375 782 diatribes
1405 752 1515 781 suae
1544 737 1872 780 Valckenarius
1907 737 1987 789 ait,
2015 736 2240 792 Euripidis
2276 737 2323 779 in
2357 751 2498 780 scena
2524 736 2789 793 Philosophi

335 814 583 861 sententias
611 813 853 872 plerasque
874 821 1158 871 comparatas
1186 829 1289 859 esse
1318 814 1377 857 ad
1396 815 1683 860 humanitatis
1707 815 1968 872 virtutisque
1993 814 2364 872 pulchritudinem
2389 816 2786 861 commendandam

332 901 414 939 aut
442 895 748 938 emendandos
777 907 950 938 mores:
982 895 1066 938 sed
1094 908 1238 952 neque
1268 896 1324 937 ab
1353 894 1442 938 hoc
1474 908 1620 952 neque
1650 895 1707 937 ab
1736 893 1826 937 alio
1857 895 2049 951 quodam
2086 894 2445 939 animadversum
2471 891 2546 940 vel
2583 895 2785 941 declara·

333 980 427 1018 tum
456 979 544 1026 est,
583 972 733 1016 omnia
759 971 878 1016 haec
906 973 1096 1017 fluxisse
1135 987 1192 1016 ex
1226 972 1419 1030 physica
1456 973 1543 1017 ista
1580 971 1878 1029 philosophia.
1942 972 2071 1016 Adeo
2108 986 2217 1016 vero
2252 972 2490 1030 Euripides
2527 987 2619 1018 non
2647 966 2784 1018 absti-

332 1052 429 1096 nuit
456 1052 514 1096 ab
549 1051 879 1109 investigandis
908 1053 1154 1097 rationibus
1188 1051 1307 1096 vitae
1341 1051 1584 1105 humanae,
1622 1059 1670 1095 ut
1699 1064 1829 1095 omne
1867 1052 2059 1095 studium
2095 1051 2382 1108 insumpserit
2409 1052 2465 1097 iis
2503 1052 2784 1110 explicandis

333 1139 379 1175 et
414 1130 709 1175 illustrandis.
768 1131 1016 1189 Diligenter
1042 1131 1176 1188 igitur
1205 1131 1448 1188 quaesivit,
1489 1145 1577 1189 qua
1606 1131 1650 1173 in
1680 1145 1730 1174 re
1760 1131 1909 1187 posita
1937 1131 1996 1175 sit
2022 1130 2216 1175 hominis
2244 1132 2521 1187 praestantia
2557 1146 2614 1176 ac
2643 1132 2784 1191 digni·

332 1218 429 1264 tas3
457 1212 782 1269 pervestigavit
808 1225 898 1254 non
917 1211 963 1253 id
983 1210 1139 1263 solum,
1168 1211 1324 1254 ubisit
1351 1225 1477 1255 mens
1499 1218 1543 1254 et
1570 1212 1703 1265 unde,
1732 1225 1887 1254 verum
1916 1211 2022 1268 quid
2042 1210 2100 1254 sit
2129 1218 2173 1254 et
2202 1210 2368 1269 qualis3
2387 1211 2640 1268 pensitavit,
2668 1226 2786 1270 qnae

333 1290 534 1347 origines
555 1291 646 1334 sint
673 1290 777 1334 mali
807 1297 850 1334 et
875 1303 1067 1334 caussae
1097 1297 1142 1334 et
1169 1290 1306 1343 fines3
1335 1290 1578 1347 indagavit,
1608 1289 1766 1348 quales
1791 1290 1837 1332 in
1865 1290 1958 1333 vita
1976 1290 2179 1333 homines
2198 1296 2431 1346 praestare
2457 1304 2562 1334 sese
2591 1291 2785 1335 debeant

333 1383 393 1412 ac
419 1378 526 1426 post
552 1371 688 1424 vitam
718 1369 863 1426 qualis
892 1384 974 1413 eos
1004 1370 1198 1425 excipiat
1226 1377 1369 1412 status
1398 1377 1443 1412 et
1473 1370 1667 1413 conditio
1691 1373 1743 1420 2).
1776 1369 1984 1412 Ceterum
2013 1383 2127 1424 opus
2157 1376 2227 1412 est
2256 1383 2501 1426 sanequam
2530 1368 2710 1414 difficile
2739 1377 2785 1413 ct

333 1462 587 1504 operosum,
618 1462 676 1491 ex
704 1449 773 1500 iis,
803 1462 918 1505 quae
943 1463 1026 1504 per
1054 1456 1220 1491 tantam
1248 1448 1498 1491 fabularum
1524 1449 1699 1504 copiam
1729 1461 1785 1490 ac
1813 1449 2073 1490 varietatem
2097 1448 2258 1490 diffusa
2285 1447 2437 1501 latent,
2467 1449 2664 1491 eruendo
2692 1449 2784 1492 col-

329 1526 472 1585 ligere
501 1533 546 1572 et
572 1527 633 1571 ad
662 1534 830 1571 certam
845 1528 1000 1586 justae
1030 1527 1258 1572 doctrinae
1279 1528 1460 1586 exigere
1490 1527 1835 1584 descriptionem
1863 1533 1997 1584 atque
2026 1540 2239 1571 normam.
2283 1527 2486 1581 Accedit,
2516 1528 2636 1585 quod
2663 1527 2786 1572 haud

330 1620 437 1651 raro
468 1607 721 1652 dubitanter
750 1621 835 1651 sua
873 1608 1147 1664 exprompsit
1184 1616 1340 1664 poeta,
1376 1616 1443 1662 ut,
1481 1607 1570 1651 nisi
1598 1615 1736 1651 totam
1770 1608 1869 1665 ejus
1908 1606 2154 1651 doctrinam
2183 1614 2454 1664 compertam
2482 1607 2676 1662 habeas,
2709 1605 2786 1651 vel

329 1686 450 1729 inter
477 1685 718 1742 legendum
748 1687 931 1742 saepius
960 1687 1157 1731 incertus
1186 1687 1399 1740 haereas,
1439 1701 1554 1744 quae
1584 1687 1642 1731 sit
1671 1688 1770 1743 ejus
1800 1686 2031 1731 sententia.
2090 1686 2147 1729 Et
2174 1686 2358 1730 multum
2385 1687 2534 1740 abest,
2573 1695 2621 1731 ut
2649 1700 2785 1744 quae·

331 1778 510 1822 cunque
537 1763 743 1820 prolatae
780 1765 869 1808 sint
897 1766 1157 1818 sententiae,
1195 1780 1352 1809 omnes
1381 1765 1647 1809 arbitremur
1685 1766 1748 1809 ita
1786 1780 1839 1809 cx
1867 1765 2014 1809 animo
2043 1764 2269 1821 Euripidis
2304 1763 2532 1821 profectas
2561 1779 2687 1819 esse,
2721 1773 2783 1819 ut,

331 1844 455 1900 quod
481 1843 583 1899 ipse
612 1844 810 1896 sentiret,
842 1859 1021 1900 semper
1048 1843 1367 1901 patefacerent,
1396 1845 1528 1888 immo
1560 1845 1868 1888 diversissima
1895 1843 2176 1888 manifestum
2205 1852 2276 1887 est
2302 1845 2475 1900 passim
2503 1844 2653 1887 offerri
2681 1859 2785 1901 pro-

330 1923 555 1975 nuntiata,
595 1937 710 1980 quae
747 1938 1002 1981 repugnare
1030 1925 1179 1980 potius
1217 1925 1335 1969 inter
1363 1939 1437 1979 se,
1477 1938 1609 1982 quam
1640 1939 1887 1981 congruere
1915 1924 2162 1968 videantur.
2220 1924 2373 1981 ltaque
2403 1923 2594 1981 singulis
2626 1923 2786 1969 iterum

332 2001 582 2060 iterumque
611 2003 883 2060 comparatis
919 2005 1145 2049 successit
1171 2004 1407 2062 paulatim,
1447 2018 1613 2061 sparsa
1640 2018 1698 2048 ac
1726 2003 1955 2062 dissipata,
1985 2009 2194 2062 quantum
2233 2002 2438 2062 equidem
2456 2002 2637 2062 judico,
2675 2009 2785 2047 tam-

332 2094 468 2138 quam
494 2081 541 2125 in
569 2083 787 2140 quadrum
815 2083 1023 2140 redigere
1052 2084 1320 2142 tandemque
1357 2084 1405 2128 id
1443 2084 1577 2128 nobis
1615 2083 1848 2141 assequuti
1884 2083 2106 2137 videmur,
2144 2089 2213 2137 ut,
2251 2095 2367 2141 quae
2395 2082 2530 2128 fuerit
2556 2081 2784 2140 Euripidis

329 2175 460 2205 mens
490 2168 535 2205 et
563 2162 784 2217 doctrina,
813 2163 1041 2219 possimus
1069 2164 1153 2207 rite
1182 2163 1451 2221 patefacere.

2150 2341 2183 2375 Ο

407 2412 438 2457 ¹)
462 2411 692 2447 Schneither.
718 2412 743 2448 Ι.
772 2423 804 2449 c.
822 2422 860 2460 p.
889 2411 944 2448 12.
970 2411 1085 2459 Hujus
1103 2412 1385 2459 (Anaxagorae)
1408 2421 1499 2447 vero
1524 2410 1718 2459 disciplina
1740 2411 1911 2458 imprimis
1933 2409 2149 2446 versabatur
2171 2409 2208 2444 in
2231 2407 2342 2445 rebus
2365 2409 2524 2457 physicis
2549 2416 2587 2445 et
2608 2409 2667 2453 iis,
2689 2420 2784 2458 quae

467 2480 514 2504 eo
537 2474 703 2515 tempore
725 2468 798 2503 hoc
821 2468 968 2503 nomine
992 2480 1138 2514 quoque
1162 2466 1576 2514 comprehendebantur,
1599 2478 1696 2502 nunc
1718 2478 1809 2502 vero
1824 2465 2151 2513 metaphysicorum
2175 2465 2323 2500 nomine
2346 2465 2586 2501 celebrantur.
2618 2465 2678 2501 De
2699 2465 2785 2503 Deo

465 2524 619 2571 ejusque
642 2531 772 2561 natura
795 2530 831 2560 et
852 2524 1027 2572 potentia,
1051 2523 1099 2559 de
1121 2530 1202 2560 ortu
1226 2530 1262 2560 et
1285 2523 1567 2560 conservatione
1591 2521 1727 2565 mundi,
1750 2521 1797 2558 de
1819 2522 1855 2558 vi
1879 2532 1988 2569 quam
2010 2522 2047 2558 ln
2069 2520 2236 2558 homines
2260 2526 2461 2558 excercent
2474 2520 2576 2558 Deus
2599 2528 2636 2558 et
2657 2520 2785 2568 famu,

466 2580 514 2616 de
538 2581 661 2617 animo
693 2581 844 2628 ejusque
875 2586 991 2625 statu3
1024 2580 1117 2616 tales
1148 2585 1253 2617 erant
1280 2581 1534 2627 quaestiones,
1566 2591 1658 2629 quas
1680 2581 1923 2626 Anaxagoras
1955 2589 2087 2626 magno
2117 2577 2336 2614 audientium
2365 2578 2496 2627 plausu
2519 2583 2676 2618 tractare
2704 2584 2786 2617 erat

461 2638 605 2674 solitus.

330 2758 333 2761 “
410 2749 443 2794 ²)
672 2751 808 2788 Alcest.
832 2764 869 2787 v.
896 2750 977 2788 ⁹⁶5.
1356 2775 1358 2777 -
1834 2748 1966 2786 Helen.
1990 2761 2028 2786 v.
2054 2747 2154 2786 1154.

527 2804 625 2855 Ἐγώ
647 2807 711 2843 καὶ
733 2805 795 2844 διὰ
819 2803 980 2848 Μούσας
1002 2806 1064 2844 καὶ
1085 2802 1283 2858 μετάρσιος
1305 2800 1393 2857 ᾗξα,
1414 2806 1479 2845 καὶ
1688 2801 1753 2850 ‘'0‚
1775 2818 1811 2842 τι
1830 2802 1934 2850 θεὸς,
1956 2799 1981 2850 ἢ
2002 2801 2057 2854 μὴ
2079 2802 2173 2851 θεὸς,
2196 2799 2220 2850 ἢ
2241 2800 2283 2843 τὸ
2304 2803 2425 2856 μέσον

532 2867 707 2903 πλεῖστον
729 2861 925 2913 ἁψάμενος
948 2862 1081 2912 λόγων.
1696 2867 1751 2904 τίς
1772 2866 1865 2911 φαίη
1889 2860 2086 2913 ἐρευνήσας

670 2922 801 2959 Ιιιοοη.
827 2927 922 2968 trag.
948 2921 993 2957 fr.
1020 2922 1254 2957 CLXXXV!-
1695 2923 1858 2970 ppassim

532 2977 691 3016 πολλάκι
712 2992 781 3028 μοι
804 2978 1006 3027 πραπίδων
1028 2979 1159 3024 διῆλθε
1183 2979 1338 3030 φροντὶς
1834 2976 1966 3014 lncert.
1991 2982 2087 3024 trag.
2111 2976 2157 3013 fr.
2182 2976 2309 3015 cun.

532 3039 603 3075 εἴτε
628 3034 719 3084 τύχα
741 3039 811 3074 εἴτε
834 3035 984 3086 δαίμων
1687 3030 1834 3079 Ὄλβιος
1857 3030 1955 3074 ὅστις
1976 3033 2039 3078 τῆς
2059 3033 2222 3083 ἱστορίας

529 3094 576 3131 τὰ
597 3093 744 3144 βρότεια
766 3097 920 3144 κραίνει.
1695 3092 1782 3137 ἔσχε
1803 3088 1989 3140 μάθησιν,
2010 3088 2102 3139 μήτε
2123 3091 2287 3128 πολιτῶν

670 3150 801 3188 Incert.
827 3158 921 3199 trag.
946 3150 992 3187 fr.
1019 3150 1128 3187 CLV.
1696 3149 1759 3184 ἐπὶ
1782 3144 1996 3196 πημοσόνῃ,
2017 3145 2096 3195 μήτ’
2124 3148 2175 3188 εἲς
2196 3146 2350 3188 ἀδίκους

477 3243 481 3247 .
531 3209 689 3256 πέμψον
709 3207 782 3257 μὲν
805 3209 888 3256 φῶς
910 3209 1035 3255 ψυχᾶς
1057 3206 1202 3253 ἀνέρων
1696 3202 1847 3254 πράξεις
1870 3202 2009 3255 ὁρμῶν,

528 3267 606 3305 τοῖς
625 3265 870 3313 βουλομένοις
891 3261 1032 3305 ἄθλους
1053 3268 1276 3314 προμαθεῖν,
1696 3262 1772 3300 ἀλλ’
1800 3260 1991 3301 ἀθανάτου
2012 3263 2187 3311 καθορῶν
2209 3260 2358 3310 φύσεως

531 3318 653 3359 πόθεν
675 3321 873 3369 ἔβλαστον,
896 3324 949 3364 τίς
973 3321 1053 3372 ῥίζα
1075 3323 1201 3360 κακῶν
1222 3334 1279 3370 sq.
1694 3317 1841 3370 κόσμον
1863 3315 2009 3368 ἀγήρω,
2032 3320 2086 3366 πῆ
2105 3332 2143 3358 τε
2166 3321 2333 3365 συνέστη,

1693 3378 1756 3414 καὶ
1779 3375 1853 3422 ὅπη
1875 3379 1938 3413 καὶ
1961 3374 2071 3418 ὅπως.
