3117 3854
1255 133 1369 177 >tem
1434 121 1500 169 25
1563 131 1678 173 we*

242 248 459 307 degressa
494 255 641 291 terrae
670 246 851 304 conjugi
889 260 993 290 sese
1029 245 1278 289 immiscuit.
1334 245 1505 289 Aether
1541 246 1752 289 coelestis
1782 246 1899 288 enim
1932 247 1978 288 in
2007 246 2191 290 Terram
2231 246 2446 304 delapsus
2483 250 2684 306 quamvis

237 336 442 387 penetret
470 328 648 386 singula
677 336 722 372 et
749 328 914 371 animet
942 335 986 371 et
1014 326 1172 370 formet
1202 334 1246 370 et
1274 334 1458 386 augeat,
1488 333 1652 371 mutato
1683 327 1907 371 domicilio
1937 328 2050 372 alias
2079 336 2228 373 tamen
2258 330 2376 373 subit
2405 329 2685 374 conditiones

237 424 324 455 nec
344 410 441 468 jam
474 409 608 453 utitur
641 408 688 452 in
725 408 1021 452 animantibus
1051 407 1254 452 libertate
1292 421 1348 452 ac
1375 406 1587 452 felicitate
1624 422 1696 461 ea,
1737 422 1825 466 qua
1860 407 2018 452 fruitur
2055 409 2224 453 Aether
2261 410 2498 454 universus
2505 425 2517 464 3
2555 410 2684 454 coelo

239 491 379 535 semel
407 490 563 535 relicto
593 491 639 533 in
675 489 915 547 peregrina
952 496 1071 532 terra
1106 496 1327 547 tamquam
1364 489 1535 547 hospes
1574 496 1886 542 commoratur:
1925 504 2053 534 mens
2092 490 2137 532 in
2177 504 2365 547 corpore
2394 492 2568 536 inclusa
2597 498 2684 535 ter-

238 586 404 629 raeque
434 577 686 627 aggravata
713 570 915 624 partibus
944 570 1077 612 trahit
1106 569 1224 612 mala
1254 578 1296 613 et
1315 553 1422 613 ⁸vitia
1451 578 1618 621 terrae,
1649 583 1764 626 quae
1792 570 1979 613 rationis
2008 571 2257 628 mentisque
2287 586 2451 628 expers
2489 571 2685 615 omnium

237 651 454 696 malorum
482 664 671 694 caussas
702 630 898 693 continet
928 648 1004 702 (cf.
1036 664 1174 707 supra
1210 665 1254 707 p.
1287 649 1372 704 16).
1429 650 1591 708 Pejore
1621 650 1753 708 igitur
1779 649 1881 695 loco
1913 658 1982 695 est
2018 658 2061 695 et
2090 648 2355 705 infeliciore,
2394 652 2469 695 ubi
2507 650 2686 696 coelum

236 730 421 775 mutavit
448 730 620 782 aether3
660 743 685 772 e
715 736 833 771 statu
863 729 1028 786 optimo
1066 736 1289 787 tamquam
1327 731 1539 774 decidens
1578 731 1624 772 in
1662 730 1967 774 calamitosam
1996 731 2291 775 conditionem
2321 732 2552 790 minusque
2579 745 2684 788 pro-

238 824 416 866 speram
445 809 650 852 omnibus
680 808 915 864 exponitur
943 815 1088 852 terrae
1116 809 1277 865 plagis.
1331 809 1476 866 Atque
1507 823 1561 853 ea
1588 817 1735 853 mente
1764 810 1974 853 mortales
2003 811 2140 866 ipsos,
2171 825 2227 854 cx
2257 825 2344 868 quo
2376 810 2576 867 spiritum
2605 812 2683 853 du·

239 895 354 943 cunt,
382 888 573 932 miseros
603 901 706 931 6556
735 887 1125 943 persuasissimum
1152 888 1347 931 habebat
1374 888 1669 946 philosophus
1698 889 1969 946 saepiusque
2001 889 2268 942 declarabat,
2297 891 2341 932 in
2371 890 2464 933 vita
2492 903 2577 932 nos
2605 890 2683 932 ha·

235 968 344 1012 bere
371 967 535 1011 malum
562 966 776 1009 infinitum
806 973 849 1009 et
879 967 1204 1023 sempiternum,
1233 967 1355 1010 velut
1381 966 1524 1011 hisce:

484 1046 642 1088 Incert.
674 1054 785 1101 trag.
816 1045 868 1088 fr.
899 1044 987 1090 CL.
1845 1046 1984 1102 lphig.
2013 1049 2067 1089 A.
2099 1061 2141 1089 v.
2175 1046 2295 1091 1330.

340 1121 395 1168 Ὦ
426 1126 647 1179 δυστυχεῖν
677 1125 764 1184 φὺς
792 1124 867 1168 καὶ
896 1128 1041 1177 κακῶς
1070 1123 1353 1185 πεπραγέναι

351 1201 597 1265 ἅνθρωπος
626 1204 775 1262 ἐγένου
804 1204 879 1247 καὶ
907 1205 957 1247 τὸ
988 1205 1194 1258 δυστυχὲς
1221 1203 1324 1259 βίου

348 1285 520 1329 ἐκεῖθεν
550 1281 723 1340 ἔλαβες,
755 1282 887 1327 ὅθεν
917 1281 1116 1327 ἅπασιν
1147 1279 1343 1343 ἤρξατο

346 1364 525 1424 τρέφειν
554 1361 624 1408 ὅδ’
658 1362 811 1422 αἰθὴρ,
843 1363 1042 1416 ἐνδιδοὺς
1070 1367 1252 1422 θνητοῖς
1280 1359 1434 1415 πνοάς.

345 1441 407 1501 μή
438 1461 511 1488 νυν
540 1442 595 1488 τὰ
623 1443 768 1503 θνητὰ
798 1443 961 1503 θνητὸς
990 1439 1049 1488 ι’ἆν
1079 1439 1323 1501 ἆγνομόνει.

1709 1121 1734 1168 ἶ
1766 1123 2058 1182 πολύμοχθον
2089 1120 2165 1184 ἆρ’
2200 1120 2253 1183 ἦν
2281 1124 2417 1183 γένος,

1707 1199 1734 1260 ἦ
1767 1202 2056 1261 πολύμοχθος
2086 1202 2304 1264 ἆμερίων;

1705 1283 1844 1342 χρεῶν
1874 1284 1921 1328 δὲ
1951 1283 1995 1327 τί

1708 1360 1962 1418 δύσποτμον
1992 1360 2202 1423 ἀνδράσιν
2232 1358 2449 1422 ἇνευρεῖν;

1842 1441 1974 1485 Herc.
2002 1442 2084 1485 fur.
2113 1457 2155 1485 v.
2187 1441 2284 1485 637.

481 1524 638 1566 Incert.
668 1530 780 1579 trag.
809 1522 861 1565 fr.
894 1522 1088 1569 CXLIX.

534 1638 618 1646 ......
641 1600 744 1658 ἐμοί
772 1619 819 1660 γε
848 1604 922 1647 νῦν
952 1618 998 1647 τε
1027 1601 1102 1646 καὶ
1131 1599 1271 1646 πάλαι
1301 1603 1432 1646 δοκεῖ·

1700 1519 1756 1567 Ἀ
1784 1520 1935 1573 νεότας
1963 1539 2042 1577 μοι
2072 1521 2203 1581 φίλον
2233 1518 2390 1576 ὄχθος.

1842 1600 2020 1658 Hippol.
2051 1615 2093 1643 v.
2128 1600 2220 1644 189.

348 1682 514 1733 παῖδας
545 1677 748 1740 φυτεύειν
779 1676 938 1725 οὔποτ’
973 1677 1245 1740 ἀνθρώπους
1273 1680 1413 1740 ἐχρῆν,
1707 1683 1798 1732 πᾶς
1828 1677 1868 1724 δ’
1903 1677 2115 1738 ὀδυνηρὸς
2142 1677 2243 1734 βίος
2271 1675 2543 1737 ἀνθρώπιον,

347 1758 512 1811 πόνους
541 1757 736 1819 ὁρῶντας
764 1758 826 1812 εἰς
856 1758 990 1813 ὅσους
1019 1757 1278 1820 φυτεόομεν.
1706 1755 1813 1802 κοῦκ
1842 1756 1934 1802 ἔστι
1964 1756 2112 1802 πόνων
2141 1755 2402 1809 ἀνάπαυσις.

370 1839 488 1884 Hinc
515 1838 593 1884 illa
621 1840 847 1897 Euripidei
876 1841 1011 1885 animi
1045 1840 1284 1885 morositas
1324 1845 1368 1884 et
1402 1838 1623 1883 moestitia
1653 1837 1730 1892 (cf.
1763 1852 1899 1896 supra
1928 1854 1971 1896 p.
2002 1839 2082 1891 5.),
2119 1838 2224 1881 hinc
2253 1837 2461 1896 querelae
2491 1836 2595 1880 illae
2625 1837 2681 1879 de

234 1917 353 1962 mala
381 1926 426 1962 et
462 1917 629 1962 infelici
655 1918 876 1963 humanae
901 1920 1019 1964 vitae
1055 1919 1326 1972 conditione3
1363 1919 1618 1962 innumeras
1656 1931 1761 1962 esse
1797 1919 1894 1975 eJus
1929 1919 2180 1971 molestias3
2216 1919 2262 1960 in
2297 1919 2427 1961 terris
2461 1917 2681 1960 neminem

235 2013 341 2042 esse
368 1999 560 2049 beatum,
589 2000 809 2042 neminem
836 2000 1042 2053 liberum3
1072 2001 1255 2051 nullum,
1285 2001 1413 2057 cujus
1441 2000 1533 2041 vita
1562 2000 1619 2040 ab
1650 1999 1768 2040 omni
1797 2007 1924 2054 parte
1953 1998 2062 2041 felix
2091 2013 2277 2053 prorsus
2307 2005 2436 2041 vacet
2455 1997 2678 2041 calamita-

232 2078 351 2121 tibus
359 2091 371 2130 3
411 2078 486 2135 qui
514 2091 597 2134 per
624 2085 760 2120 totam
787 2079 1004 2136 reliquam
1031 2080 1167 2122 vitam
1195 2079 1498 2136 prosperrima
1524 2078 1597 2122 usi
1626 2079 1715 2120 sint
1742 2076 1937 2129 fortuna,
1969 2092 2049 2120 eos
2080 2092 2213 2121 senes
2241 2085 2388 2120 tamen
2417 2077 2462 2118 in
2490 2075 2682 2119 maxima

231 2156 430 2199 incidere
458 2169 597 2210 posse
625 2157 764 2208 mala3
794 2164 897 2200 ante
927 2158 1093 2200 obitum
1122 2158 1343 2201 neminem
1369 2159 1548 2202 beatum
1579 2170 1684 2200 csse
1712 2157 2061 2212 praedicandum
2099 2161 2143 2207 ¹).

310 2290 342 2335 ¹)
506 2289 679 2325 Androm.
707 2302 742 2326 v.
773 2290 848 2326 100.

366 2345 438 2393 χρὴ
462 2346 496 2380 δ’
527 2344 652 2381 οὔποτ’
682 2349 799 2382 εἰπεῖν
823 2347 945 2383 οὐδέν’
975 2345 1100 2391 ὄλβιον
1121 2349 1275 2395 βροτῶν,

372 2404 461 2449 πρὶν
484 2398 531 2438 ἂν
552 2399 733 2441 θανόντος
754 2401 819 2446 τὴν
841 2404 1047 2438 τελευταίαν
1070 2403 1162 2450 ἴδῃς,

373 2456 472 2499 ὅπως
494 2455 657 2505 περάσας
678 2456 820 2506 ἡμέραν
842 2457 917 2503 ἥξει
939 2457 1048 2496 κάτω.

508 2515 654 2553 Heracl.
679 2526 716 2553 v,
740 2515 820 2553 866.

1591 2290 1672 2324 οὐδ’
1700 2289 1900 2336 εὖδαᾲιων.

1595 2344 1697 2381 οὔπω
1721 2345 1792 2392 γὰρ
1815 2347 1889 2391 ἔφυ
1913 2359 1963 2384 τις
1986 2343 2137 2384 ι’ἔλυπος.

1726 2400 1829 2437 Med.
1854 2412 1890 2436 v.
1919 2400 2017 2436 ¹225.

1591 2459 1738 2503 θνητῶν
1760 2456 1833 2505 γὰρ
1857 2456 1978 2497 οὐδείς
2002 2457 2100 2493 ἐστιν
2122 2455 2313 2505 εὐδαίμων
2335 2454 2457 2505 φύσει·

1591 2514 1701 2559 ὄλβου
1726 2514 1760 2548 δ’
1789 2515 2039 2562 ἐπιρρυέντος,
2063 2514 2316 2562 εὐτυχέστερος

781 2598 866 2607 ......
884 2570 905 2614 ἡ
929 2572 972 2606 δὲ
995 2574 1064 2608 νῦν
1086 2571 1174 2616 τύχη
1591 2571 1705 2606 ἄλλου
1728 2573 1863 2616 γένοιτ’
1892 2570 1940 2606 ιῖν
1963 2571 2089 2614 ι’ίλλος,
2114 2573 2302 2618 εὐδαίμων
2325 2571 2363 2606 δ’
2391 2567 2439 2608 ἂν
2463 2567 2518 2606 οὗ.

371 2630 516 2673 βροτοῖς
538 2626 656 2664 ἅπασι
679 2629 831 2676 λαμπρὰ
854 2625 1028 2677 κηρύσσει
1049 2633 1200 2678 μαθεῖν,
1729 2626 1865 2664 Troad.
1893 2641 1927 2664 v.
1954 2627 2034 2664 518.

368 2683 432 2719 τὸν
455 2683 619 2730 εὐτυχεῖν
642 2685 823 2720 δοκοῦντα
846 2684 899 2732 μὴ
923 2687 1064 2730 ζηλοῦν,
1088 2688 1177 2734 πρὶν
1199 2683 1247 2721 ιῖν
1913 2711 2000 2720 ......
2017 2687 2090 2719 τῶν
2114 2684 2149 2718 δ’
2178 2682 2412 2730 εὐδαιμόνων

368 2738 519 2776 θανόντ’
548 2741 610 2789 ἴδη
633 2752 696 2781 τις·
722 2740 771 2781 ὡς
794 2739 975 2792 ἐφήμεροι
996 2738 1112 2788 τύχαι.
1589 2741 1732 2790 μηδένα
1758 2740 1909 2789 νομίζετ’
1938 2740 2111 2788 εὐτυχεῖν,
2136 2741 2223 2790 πρὶν
2244 2735 2293 2777 (ἲν
2315 2737 2426 2790 θάνῃ.

505 2796 590 2834 Jon.
615 2808 652 2834 v.
678 2796 758 2834 393.
1729 2798 1858 2846 Suppl.
1883 2810 1920 2835 v.
1945 2797 2026 2835 209.

369 2857 510 2890 πολλαί
528 2866 570 2901 γε
593 2855 744 2894 πολλοῖς
766 2856 837 2891 εἰσὶ
861 2857 1054 2904 συμφοραὶ
1074 2858 1228 2901 βροτῶν,
1927 2883 2014 2893 ......
2031 2856 2104 2891 τῶν
2126 2853 2197 2903 γὰρ
2220 2853 2260 2888 ἔν
2280 2856 2426 2900 βροτοῖς

368 2913 517 2960 μορφαὶ
540 2911 583 2948 δὲ
607 2911 865 2960 διαφέρουσιν·
888 2911 929 2947 ἓν
952 2912 989 2946 δ’
1018 2910 1066 2949 ἂν
1088 2913 1233 2960 εὐτυχὲς
1592 2910 1659 2946 οὐκ
1682 2911 1783 2947 ἔστιν
1805 2910 1917 2947 οὐδὲν
1940 2911 2002 2946 διὰ
2026 2913 2148 2949 τέλους
2169 2908 2431 2956 εὐδαιμονοῦν.

369 2966 477 3018 μόλις
499 2967 580 3006 ποτ’
609 2965 751 3016 ἐξεύροι
772 2981 825 3010 τις
847 2966 1058 3018 ἀνθρώπων
1079 2973 1160 3017 βίῳ.

506 3026 598 3062 nec.
621 3037 658 3062 v.
682 3026 762 3062 852.

369 3084 454 3131 φεῦ.
480 3081 548 3119 οὐκ
570 3081 648 3126 ἔστι
670 3083 833 3129 θνητῶν,
857 3080 953 3124 ὅστις
975 3083 1051 3120 ἔστ’
1079 3081 1283 3133 ἐλεύθερος.

368 3140 391 3186 ἢ
411 3139 611 3191 χρημάτων
633 3140 706 3190 γὰρ
730 3139 865 3182 δοῦλός
887 3141 997 3186 ἔστιν,
1021 3139 1044 3187 ἢ
1063 3141 1173 3189 τύχης

368 3194 392 3240 ἢ
415 3199 560 3243 πλῆθος
581 3196 696 3234 αὐτὸν
717 3195 867 3241 πόλεος,
889 3195 915 3238 ἧ
937 3196 1065 3246 νόμων
1087 3199 1233 3247 γραφαὶ

370 3256 536 3301 εἴργουσι
553 3255 718 3303 χρῆσθαι
741 3251 794 3302 μὴ
817 3252 907 3290 κατὰ
931 3251 1085 3302 γνώμην
1105 3252 1269 3302 τρόποις.

1730 2967 1858 3015 Suppl.
1883 2978 1919 3002 v.
1945 2967 2025 3003 551.

1594 3024 1690 3068 ἀλλ’,
1715 3020 1744 3058 ὦ
1767 3022 1934 3072 μάταιοι,
1958 3026 2071 3070 γνῶτε
2094 3019 2325 3070 τάνθρώπων
2347 3019 2458 3056 κακά.

1596 3081 1885 3130 παλαίσμαθ’
1912 3079 2019 3128 ἡμῶν
2042 3078 2062 3115 ὁ
2084 3083 2171 3124 βίος.
2195 3076 2391 3125 εὐτυχοῦσι
2414 3077 2458 3113 δὲ

1598 3140 1635 3175 οἱ
1655 3138 1727 3188 μὲν
1748 3135 1848 3185 τάχ’,
1872 3138 1908 3173 οἱ
1930 3136 1966 3172 δ’
1996 3137 2163 3180 ἐσαῦθις,
2186 3134 2224 3169 οἱ
2245 3134 2283 3170 δ’
2310 3132 2382 3180 ἤδη
2403 3134 2560 3185 βροτῶν.

1732 3195 1880 3231 Archcl.
1904 3194 1948 3231 fr.
1972 3193 2105 3230 xxvl.

1598 3251 1716 3289 πάλαι
1738 3253 1951 3299 σκοποῦμαι
1973 3250 2035 3290 τὰς
2056 3248 2167 3296 τύχας
2187 3246 2252 3289 τὰς
2273 3250 2348 3286 τῶν
2368 3250 2515 3298 βροτῶν

1596 3307 1646 3349 ὠς
1667 3304 1708 3346 εὖ
1730 3305 2058 3357 μεταλλάσσουσιν·
2083 3303 2123 3347 ὃς
2144 3303 2219 3355 γὰρ
2242 3303 2292 3343 ἂν
2313 3308 2444 3355 σφαλῇ

1600 3367 1653 3408 εἰς
1676 3364 1794 3416 ὀρθὸν
1815 3366 1917 3410 ἔστη,
1935 3362 1992 3412 χὼ
2016 3365 2105 3414 πρὶν
2128 3362 2293 3411 εὐτυχοῖν
2314 3367 2450 3402 naret.

509 3309 624 3357 lpmg.
647 3311 693 3346 A.
717 3322 754 3346 v.
784 3311 861 3346 ιοι.

372 3365 519 3411 θνητῶν
541 3365 579 3402 δ’
608 3364 729 3414 ὄλβιος
753 3367 804 3408 εἰς
825 3368 926 3407 τέλος
948 3364 1070 3408 οὐδεὶς
