3117 3854
1278 175 1393 220 *ῆι
1432 163 1520 214 ’31
1587 174 1700 219 ⁴⁸⁶³<

329 285 376 333 ἕν
403 289 520 334 τοῖσι
547 283 809 347 γενναίοισιν
838 283 1144 348 ν’ριθμημὲνος
1546 282 1726 347 ὄφελος,
1757 284 1863 331 ὅταν
1890 304 1957 340 τις
1984 287 2046 345 μὴ
2078 287 2244 347 φρένας
2271 287 2411 340 καλὰς
2439 285 2536 347 ἔχῃς

329 364 542 420 δούλοισι,
571 360 751 423 τοῦνομ’
785 362 864 410 οὐκ
893 363 1003 421 ἔχων
1031 363 1280 426 ἐλεύθερον,
1681 366 1861 422 Antiop.
1892 364 1945 408 fr.
1976 366 2095 409 XIX.

327 445 401 491 τὸν
429 448 531 491 νοῦν
559 443 623 489 δέ.
1549 442 1588 488 εἰ
1615 447 1718 497 νοῦς
1747 442 1923 489 ἔνεστιν·
1956 442 1995 488 εἰ
2025 445 2074 489 δὲ
2101 446 2176 503 μὴ,
2207 443 2251 489 τί
2280 446 2347 489 δεῖ
2378 446 2516 503 καλῆς

464 525 624 582 Chrys.
653 523 706 568 fr.
737 525 807 567 111.
1548 525 1762 582 γυναικὸς,
1793 523 1832 569 εἶ
1857 525 1920 583 μὴ
1952 524 2031 577 τὰς
2061 524 2226 584 φρένας
2254 511 2393 577 καλᾶς
2421 522 2513 580 ἔχοι
2549 530 2605 581 ¹),-

327 603 488 663 γνώμῃ.
506 600 649 662 σοφός
675 620 756 659 μοι
784 603 859 646 καὶ
884 601 975 662 χέρ’
1010 601 1217 663 ἀνδρείαν
1246 601 1352 659 ἔχοι·
1683 604 1983 645 Andromach.
2012 618 2055 646 v.
2085 603 2182 646 206.
2455 601 2459 603 ’

328 681 586 741 δύσμορφος
615 679 708 740 εἴην
735 682 905 737 μᾶλλον
935 678 964 737 ἢ
993 683 1126 733 καλὸς
1153 679 1301 733 κακός.
1878 716 1961 724 ......
1986 679 2039 725 οὗ
2068 682 2118 724 τὸ
2148 666 2330 733 κάλλος,
2362 677 2397 723 ὦ
2428 680 2567 738 γύναι,

463 760 574 803 Oed.
602 758 656 802 fr.
685 759 760 801 Vl.
1548 758 1647 804 ἀλλ’
1682 759 1729 804 αἱ
1752 757 1894 819 ’ρεταὶ
1923 760 2136 819 τέρπουσι
2166 761 2267 812 τοὺς
2297 760 2561 812 ξυνευνέτας.

326 842 429 884 νοῦν
454 839 538 900 χρὴ
568 835 846 882 θεάσασθαι·
878 836 922 880 τί
950 841 1029 895 τῆς
1057 835 1305 899 εὐμορφίας

935 917 1091 959 Incert.
1120 924 1231 973 trag.
1261 917 1314 959 fr.
1345 917 1453 960 CLI.
1516 924 1519 927 ’

802 999 958 1056 πρῶτα
987 996 1067 1052 μέν
1095 1014 1143 1054 γε
1172 993 1305 1039 τοῦθ’
1339 989 1540 1057 ὑπάρχει.
1570 994 1649 1041 κᾶν
1679 993 1886 1056 ἶίμορφος
1914 991 1943 1054 ᾖ
1976 994 2121 1048 πόσις,

799 1076 882 1134 χρὴ
913 1077 1055 1119 δοκεῖν
1085 1072 1310 1135 εῦμορφον
1340 1072 1453 1120 εἶναι
1481 1079 1535 1134 τῇ
1565 1080 1740 1133 γεήνοῖν
1769 1076 2019 1134 κεκτημένῃ·

802 1151 856 1197 οὗ
883 1154 966 1211 γὰρ
997 1151 1241 1213 ὀφθαλμὸς
1267 1155 1318 1199 τὸ
1347 1154 1509 1215 κρίνειν
1537 1154 1672 1207 ἐστὶν,
1702 1152 1814 1198 ἀλλὰ
1843 1158 1959 1206 νοῦς.

459 1232 616 1275 Helen.
645 1247 687 1275 v.
721 1231 815 1275 762.
1546 1234 1597 1293 ζῇ
1629 1230 1672 1276 δ’
1708 1230 1848 1277 οὐκέτ’
1884 1229 2009 1284 ὄντος
2039 1230 2256 1288 σώματος·
2288 1235 2461 1276 κακοῖσι
2490 1232 2541 1276 δὲ

543 1327 546 1329 ·
812 1347 895 1355 ......
919 1315 1010 1364 τοῖς
1039 1315 1190 1357 θεοῖσι
1214 1313 1297 1371 χρὴ
1544 1311 1720 1356 ἅπαντα
1751 1314 1925 1371 φροῦδα
1957 1307 2230 1356 συνθανόνθ’
2264 1307 2354 1356 ὑπὸ
2381 1307 2560 1367 χθονός.

323 1387 518 1443 θύοντας
546 1387 680 1435 αἰτεῖν
710 1387 877 1449 ἀγαθὰ,
906 1389 1115 1447 μαντείας
1145 1389 1188 1436 δ’
1222 1391 1312 1437 ε’ἇν·
1679 1390 1812 1435 Herc.
1841 1390 1922 1434 fur.
1951 1407 1970 1434 x
1986 1421 1997 1434 .
2028 1391 2124 1434 356.

322 1466 425 1525 βίου
454 1468 537 1528 γὰρ
567 1464 712 1521 ι’ίλλως
741 1469 896 1529 δέλεαρ
927 1466 1091 1529 εὑρέθη
1120 1467 1233 1524 τόδε,
1545 1467 1756 1529 γενναίων
1787 1466 1829 1514 δ’
1864 1466 2016 1529 ἀρεταὶ
2046 1466 2193 1514 πόνων

323 1545 495 1599 κούδεὶς
524 1546 760 1607 ἕπλούτησ’
794 1546 1069 1607 ἑμπίροισιν,
1101 1547 1234 1608 ἆργός
1264 1546 1336 1594 ὧν.
1546 1554 1637 1601 τοῖς
1666 1552 1880 1593 θανοῦσιν
1910 1544 2101 1606 ι’ἱγαλμα.

323 1624 470 1686 γνώμη
500 1624 543 1670 δ’
578 1624 733 1687 ἀρίστη
761 1625 927 1684 μάντις,
960 1627 988 1686 ἥ
1017 1625 1057 1671 τ’
1091 1625 1313 1684 εὐβουλία.
1680 1628 1979 1671 Andromach.
2011 1644 2052 1671 v.
2086 1628 2178 1671 777.

457 1707 614 1749 Incert.
644 1714 755 1762 trag.
786 1707 839 1748 fr.
869 1707 944 1748 1V.
1545 1704 1668 1751 οῦτοι
1696 1706 1890 1765 λείψανα
1920 1711 2005 1750 τῶν
2036 1705 2222 1765 ἀγαθῶν

324 1783 402 1829 οῦκ
431 1783 546 1829 ἔστιν
576 1782 734 1846 ἆρετῆς
762 1789 907 1843 κτῆμα
937 1783 1208 1846 τιμιώτερον.
1544 1784 1712 1845 ἀνδρῶν
1741 1783 1998 1846 ἀφαιρεῖται

324 1862 378 1907 οὐ
406 1864 489 1924 γὰρ
519 1865 690 1924 πέφυκε
720 1867 879 1908 δοῦλον
908 1861 1008 1909 οὔτε
1035 1864 1282 1925 χρημάτων,
1539 1864 1708 1925 χρόνος.
1739 1863 1767 1909 ἆ
1798 1863 1841 1910 δ’
1875 1863 2010 1925 ἀρετὰ

324 1939 418 1987 οῦτ’
451 1941 712 2002 ἀσφαλείας,
743 1940 845 1988 οὔτε
874 1943 1083 1996 θωπείας
1111 1941 1255 1999 ὄχλου.
1543 1945 1617 1988 καὶ
1646 1947 1837 1988 θανοῦσι
1866 1943 2047 2000 λάμπει.

459 2020 598 2078 lphig.
629 2021 683 2065 A,
713 2037 755 2066 v.
785 2021 883 2066 922.
1676 2022 1853 2066 Erecht.
1885 2021 1936 2065 fr.
1967 2023 2041 2064 XI.

322 2099 624 2158 λελογισμένοι
652 2099 735 2160 γὰρ
765 2098 809 2145 οὶ
837 2098 999 2145 τοιοίδ’
1033 2097 1117 2145 εἶσὶ
1143 2102 1328 2161 βροτῶν,
1753 2136 1837 2144 ......
1859 2099 1944 2159 ἐγώ
1975 2100 2023 2144 δὲ
2052 2099 2154 2151 τοὺς
2182 2099 2330 2151 καλῶς
2358 2095 2628 2157 τεθνηκότας

323 2176 476 2239 ὀρθῶς
505 2180 658 2238 διαζῆν
687 2180 760 2225 τὸν
789 2178 887 2237 βίον
916 2178 1088 2240 γνώμης
1116 2180 1242 2237 μέτα.
1543 2183 1618 2238 ζῆν
1639 2180 1753 2240 φημὶ
1771 2182 1940 2236 μᾶλλον
1959 2183 2039 2225 τοῦ
2057 2179 2238 2236 βλέπειν
2265 2179 2367 2231 τοὺς
2385 2178 2446 2236 μὴ
2468 2179 2627 2232 καλῶς.

457 2257 622 2301 Bacch.
650 2274 692 2302 v.
722 2258 819 2303 270.
1678 2259 1776 2303 Hel.
1807 2275 1848 2303 v.
1884 2259 2004 2303 1020.

322 2337 498 2396 θρασὺς
526 2337 589 2391 δὲ,
620 2339 803 2390 δυνατὸς
831 2338 906 2382 καὶ
934 2338 1076 2396 λέγειν
1106 2332 1200 2391 οἷός
1218 2334 1257 2381 τ’
1282 2334 1405 2397 ἀνήρ,
1542 2339 1617 2383 καὶ
1646 2338 1728 2397 γὰρ
1757 2336 1871 2390 τίσις
1906 2334 2036 2382 τῶνδ’
2070 2336 2163 2382 ἐστὶ
2196 2340 2363 2395 τοῖς-τε
2394 2334 2623 2396 νερτέροις,

322 2418 455 2470 κακὸς
484 2415 668 2473 πολίτης
697 2416 900 2475 γίγνεται,
931 2421 1032 2462 νοῦν
1062 2415 1140 2462 οὗκ
1170 2415 1290 2471 ἔχων.
1542 2418 1616 2461 καὶ
1644 2421 1735 2469 τοῖς
1764 2413 1940 2461 ἄνωθεν
1969 2420 2106 2460 πᾶσιν
2137 2412 2412 2474 ἀνθρώποις.
2442 2411 2466 2457 ὅ
2496 2416 2598 2465 νοῦς

458 2496 697 2540 Tememid.
725 2495 777 2538 fr.
807 2497 838 2538 Ι.
1542 2499 1628 2540 τῶν
1657 2493 1965 2540 κατθανόντων
1997 2495 2047 2554 ζῇ
2068 2494 2148 2551 μὲν
2175 2490 2241 2547 οῦ,
2272 2492 2444 2552 γνώμην
2473 2490 2515 2537 δ’
2538 2491 2625 2548 ἔχει

315 2573 472 2637 Ἀρετὴ
503 2575 552 2621 δὲ
581 2571 661 2620 κόἷν
690 2572 812 2634 θάνῃ
841 2594 919 2629 τις,
951 2573 1029 2620 οὐκ
1059 2573 1317 2629 ἀπόλλυται,
1541 2572 1781 2630 ἀθάνατον,
1812 2573 1874 2628 εἷς
1903 2571 2131 2619 ἀθάνατον
2161 2571 2311 2634 αἰθέρ’
2345 2570 2561 2630 ἐμπεσών.

256 2654 311 2700 cf.
340 2655 552 2700 Aeschin.
582 2656 628 2698 in
657 2655 874 2699 Timarch.
904 2671 947 2714 p.
980 2655 1044 2709 18,
1078 2655 1128 2699 15
1167 2657 1257 2709 (ed.
1293 2654 1345 2698 H.
1385 2654 1577 2712 Steph.):
1617 2652 1823 2716 εὑρήσετε
1849 2655 1922 2699 τὸν
1951 2652 2196 2716 Εὐριπίδην
2226 2650 2584 2713 ἀποφαινόμενον
2613 2652 2694 2712 τὴν

255 2736 366 2781 θεὸν
394 2733 553 2795 ταύτην
583 2733 636 2780 οὗ
664 2733 798 2792 μόνον
827 2737 930 2788 τοὺς
951 2737 1112 2790 ζῶντας
1141 2734 1395 2795 ἐμφανίζειν
1426 2735 1679 2794 δυναμένην,
1712 2733 1867 2779 ὁποῖοί
1894 2752 2007 2787 τινες
2037 2731 2089 2778 ἂν
2118 2731 2381 2793 τυγχάνωσιν
2412 2728 2546 2786 ὄντες,
2578 2729 2693 2777 ἀλλὰ

254 2814 329 2860 καὶ
356 2815 461 2868 τοὺς
486 2812 859 2875 τετελευτηκότας,
891 2813 996 2860 ὅταν
1025 2815 1142 2874 λέγῃ·
1174 2813 1299 2876 φήμη
1328 2815 1402 2860 τὸν
1431 2814 1595 2860 ἐσθλὸν
1624 2811 1703 2859 κᾶν
1730 2818 1853 2874 μυχῷ
1883 2814 2074 2861 δείκνυσι
2103 2810 2195 2873 γῆς.

389 2894 450 2936 At
477 2893 595 2937 hanc
622 2895 758 2937 vitam
785 2902 833 2936 ut
860 2908 1125 2951 persuasum
1161 2895 1314 2938 habuit
1341 2895 1578 2951 Euripides
1612 2895 1820 2937 miseram
1849 2910 1952 2939 esse
1982 2904 2026 2939 et
2053 2895 2290 2945 infelicem,
2330 2895 2397 2936 sic
2434 2893 2557 2936 haud
2588 2906 2694 2936 raro

180 3023 188 3031 .
251 2972 298 3015 in
326 2978 447 3016 terra
472 2973 653 3030 negavit
679 2974 897 3017 rationem
925 2975 1162 3031 quicquam
1191 2973 1419 3027 dominari,
1449 2981 1614 3016 temere
1645 2975 1863 3031 permulta
1891 2983 1936 3018 et
1963 2974 2084 3016 nullo
2114 2972 2299 3016 consilio
2328 2971 2445 3025 fieri,
2474 2972 2695 3016 humanas

254 3064 331 3094 res
358 3051 557 3107 pendere
585 3066 614 3093 a
643 3066 782 3095 coeco
813 3053 1005 3109 quodam
1034 3067 1142 3095 casu
1172 3053 1486 3109 subjectasque
1516 3066 1620 3095 esse
1649 3053 1852 3096 fortunae
1882 3054 2112 3097 temeritati
2140 3059 2183 3094 et
2210 3053 2536 3093 inconstantiae
2565 3053 2696 3105 adeo,

253 3135 302 3171 ut
322 3130 601 3186 Justissimus
631 3131 819 3188 quisque
848 3129 1097 3174 infortuniis
1126 3138 1329 3184 vexetur,
1368 3130 1520 3188 injusti
1548 3132 1684 3175 rebus
1721 3139 1898 3175 utantur
1926 3130 2248 3175 florentissimis
2283 3137 2328 3173 et
2365 3130 2698 3186 prosperrimis,

332 3276 361 3321 ¹)
385 3275 487 3312 Haec
510 3277 655 3325 quidem
678 3277 794 3313 verba
816 3278 1028 3325 Amphionis
1054 3288 1137 3312 esse
1160 3277 1328 3313 videntur
1351 3289 1420 3313 nec
1443 3279 1720 3326 repugnaverim
1736 3278 1947 3321 Matthiaeo,
1972 3279 2048 3313 veri
2071 3279 2233 3324 speciem
2255 3289 2346 3325 prae
2369 3289 2413 3314 se
2435 3277 2536 3314 ferre
2561 3277 2699 3314 dicenti

388 3332 455 3367 sub
478 3332 584 3379 hujus
607 3346 767 3382 persona
788 3334 994 3382 Euripidem
1017 3334 1205 3371 induxisse
1229 3335 1411 3372 hominem
1433 3336 1731 3383 philosophorum
1755 3337 1890 3373 scholis
1915 3335 2107 3378 eruditum,
2138 3341 2175 3370 ut
2198 3335 2428 3383 displicinam
2451 3335 2565 3378 hanc,
2590 3345 2700 3381 quam

388 3389 486 3428 multi
510 3396 691 3441 tamquam
715 3392 861 3430 monem
886 3397 922 3430 et
938 3390 1180 3431 effeminatam
1198 3394 1387 3442 agitarent,
1412 3393 1512 3432 velut
1533 3393 1796 3443 Aristophanes
1820 3394 1856 3431 in
1873 3390 2047 3438 Nubibus,
2071 3391 2151 3440 ipse
2175 3391 2248 3430 hoc
2272 3392 2446 3441 exemplo
2471 3390 2698 3430 defenderet.

2381 3452 2429 3487 8.
