3117 3854
562 143 579 156 Ο

1237 175 1351 221 κὴ»
1413 162 1659 220 Πτεκ

230 305 344 347 quae
372 289 576 346 corporis
606 295 709 332 sunt
736 286 944 332 libidines
973 296 1017 332 et
1044 287 1348 340 incitamenta,
1377 284 1501 336 illinc
1526 286 1599 330 vis
1627 292 1769 330 certat
1796 286 1958 340 divina,
1988 302 2076 344 qua
2105 288 2163 331 ad
2197 302 2328 331 omne
2355 286 2564 332 virtutum
2591 305 2668 345 ge-

227 385 314 414 nus
342 368 574 424 adspirare
604 375 648 411 et
670 368 841 425 optima
862 383 1063 425 quaeque
1093 366 1299 423 amplecti
1319 367 1547 424 juvamur3
1576 365 1682 409 hinc
1708 366 1850 411 virtus
1868 366 2077 423 ingenita,
2105 366 2228 411 illinc
2254 367 2433 412 innatae
2463 367 2669 423 corporis

226 451 452 501 libidines3
490 450 595 491 hinc
632 451 727 492 irae
766 457 810 492 et
846 448 1130 491 affectionum
1165 448 1258 499 vis,
1294 447 1419 490 illinc
1454 449 1689 502 prudentia
1723 456 1767 490 et
1795 447 1971 490 consilii
1998 447 2147 502 vigor3
2185 448 2291 489 hinc
2317 448 2670 504 intemperantia,

226 527 351 572 illinc
388 528 604 572 castitatis
642 527 911 579 immunitas3
950 527 1056 569 hinc
1093 526 1285 569 invidiae
1322 527 1465 583 pestis
1502 534 1545 570 et
1575 527 1817 579 discordia,
1852 526 1975 569 illinc
2012 526 2125 569 fides
2156 533 2200 569 et
2227 527 2427 570 veritatis
2457 528 2662 573 studium.

363 609 629 664 Neutiquam
657 608 789 663 igitur
819 620 917 648 eam
945 607 1242 663 philosophus
1271 607 1505 663 amplexus
1535 605 1679 648 fuerat
1718 608 1998 659 sententiam,
2036 620 2124 663 qua
2162 614 2374 662 suscepta
2409 608 2554 649 omnis
2580 609 2668 649 vir-

229 695 300 730 tus
328 688 506 739 tollitur,
535 701 627 729 non
656 687 788 728 situm
818 700 921 729 esse
950 688 996 727 in
1023 693 1244 741 potestate
1264 693 1430 739 nostra,
1459 687 1566 729 boni
1595 701 1653 729 an
1674 686 1779 728 mali
1808 688 2099 729 evaderemus
2124 691 2175 737 ¹):
2207 687 2313 742 quin
2342 687 2472 729 immo
2493 695 2563 730 est
2590 687 2669 729 ho-

228 767 359 809 minis
386 768 504 809 bene
535 766 779 819 constituti,
810 775 853 808 et
881 767 1075 809 virorum
1105 774 1148 808 et
1176 765 1406 808 mulierum
1439 770 1489 818 ²),
1517 765 1645 809 faces
1674 765 1904 808 libidinum
1934 765 2238 821 exstinguere,
2267 780 2409 822 prava
2437 765 2669 822 repellere,

307 902 338 945 ¹)
360 900 457 936 Inter
486 906 675 948 parentum
707 906 946 946 natorumque
975 906 1136 934 naturam
1162 906 1198 935 et
1222 901 1404 946 ingenium
1429 902 1587 935 maxima
1610 901 1801 935 intercedit
1823 900 2016 934 similitudo
2041 911 2083 934 ac
2108 901 2211 934 liberi
2235 912 2342 946 quam
2365 901 2557 947 plurimum
2580 902 2668 936 reci·

362 959 467 1004 piunt
489 958 691 1003 genitorum
714 957 803 991 vitia
826 963 862 991 et
885 957 1053 999 virtutes3
1079 964 1235 992 attamen
1261 969 1333 992 non
1358 959 1506 1002 negavit
1520 957 1719 1003 Euripides,
1744 958 1779 991 in
1806 957 1902 991 bona
1925 956 2113 1002 disciplina
2136 957 2380 1002 adjumentum
2404 959 2562 1004 positum
2587 969 2670 993 esse

362 1026 438 1049 non
468 1013 652 1048 mediocre
677 1014 815 1048 virtutis
848 1013 1140 1059 amplectendae.
1174 1026 1253 1048 cum
1283 1014 1473 1061 plurimum
1498 1015 1653 1054 intersit,
1685 1014 1899 1059 quibusnam
1931 1013 2039 1048 rebus
2071 1020 2275 1049 tenerorum
2309 1016 2417 1050 animi
2449 1015 2667 1051 imbuantur.

303 1108 309 1111 ς
362 1070 483 1105 Velim
508 1075 643 1105 attente
667 1069 790 1116 legas,
824 1081 916 1115 quae
947 1070 1153 1106 voluntaria
1175 1070 1393 1117 Polyxenae
1423 1076 1539 1106 morte
1571 1073 1730 1107 nuntiata
1754 1071 1799 1107 ab
1824 1070 1979 1106 Hecuba
2002 1070 2226 1116 disputantur
2250 1072 2284 1106 in
2308 1072 2460 1107 Hecuba
2482 1071 2608 1107 fabula
2629 1083 2667 1108 v.

363 1127 432 1162 589
453 1138 510 1174 sq.
536 1120 782 1162 —'Conferas
806 1132 998 1174 praeterea
1021 1127 1147 1174 Suppl.
1165 1128 1286 1163 v.·913
1302 1139 1359 1175 sq.
1384 1147 1430 1153 -
1454 1127 1616 1175 Iphigen.
1641 1130 1684 1162 A.
1709 1141 1745 1164 v.
1769 1128 1836 1163 563
1861 1134 1897 1162 et
1921 1139 1955 1162 v.
1974 1128 2042 1162 926
2066 1139 2121 1174 sq.
2148 1148 2193 1155 ·—-
2216 1127 2357 1163 Peliad.
2382 1129 2426 1164 fr.
2451 1129 2496 1164 X.
2522 1149 2566 1155 —
2588 1128 2667 1163 Me·

364 1183 479 1229 leagr.
505 1182 549 1218 fr.
574 1182 670 1218 Vlll.
696 1202 742 1207 —-
764 1183 893 1217 Helen.
920 1194 955 1218 v.
982 1182 1047 1216 947
1073 1194 1129 1228 sq.
1154 1201 1200 1208 —
1223 1183 1435 1218 Alcmaeon.
1462 1183 1505 1218 fr.
1532 1183 1609 1219 Vll.
1634 1203 1679 1208 ——
1707 1184 1842 1230 Dictyis
1866 1184 1910 1220 fr.
1935 1184 2016 1218 XV.
2041 1203 2086 1209 —
2110 1185 2229 1230 Antig.
2255 1184 2299 1219 fr.
2326 1184 2390 1219 xl.
2415 1205 2461 1211 —
2488 1184 2666 1219 Phoenic.

364 1240 408 1276 fr.
433 1239 513 1276 Xll.
538 1261 583 1266 —
608 1239 737 1275 lncert.
765 1247 855 1286 trag.
882 1239 925 1275 fr.
950 1237 1078 1274 LXlss.
1103 1259 1149 1265 —-
1171 1239 1382 1286 Belleroph.
1407 1240 1452 1276 fr.
1477 1239 1541 1275 Xl.
1566 1259 1612 1266 —-
1634 1239 1766 1276 Electr.
1791 1253 1827 1276 v.
1851 1240 1920 1276 370
1943 1253 1999 1286 sq.
2025 1259 2071 1267 —-
2094 1239 2271 1286 Meleagr.
2299 1240 2343 1277 fr.
2370 1240 2448 1277 Xll.
2475 1261 2522 1268 —

306 1311 336 1353 ²)
360 1308 407 1344 Ni
432 1309 553 1343 omnia
576 1307 758 1347 falluntur.
783 1307 972 1354 Euripides
995 1313 1207 1353 persecutus
1224 1308 1476 1355 philosophiae
1500 1321 1587 1344 suae
1612 1309 1771 1344 rationes
1796 1321 1873 1344 cum
1898 1309 1977 1344 aliis
2002 1310 2154 1352 censuit,
2179 1308 2321 1344 feminis
2346 1310 2391 1345 ab
2417 1316 2497 1345 ortu
2522 1311 2667 1356 ingene·

362 1371 478 1401 ratam
503 1376 585 1400 esse
610 1365 783 1411 majorem
807 1365 878 1400 vim
904 1364 1015 1399 faecis
1039 1370 1224 1408 terrenae,
1250 1365 1393 1400 divinae
1418 1366 1564 1412 originis
1590 1366 1781 1403 minorem.
1807 1376 1911 1410 quam
1934 1367 2032 1401 viris,

681 1420 726 1456 cf.
752 1420 834 1454 lnus
860 1420 902 1455 fr.
929 1419 1024 1454 Vlll.
1763 1421 1937 1455 Androm.
1962 1433 1998 1456 v.
2026 1421 2104 1456 219.

546 1475 619 1522 ὅσῳ
642 1477 681 1511 τὸ
706 1479 799 1519 θῆλυ
824 1476 1110 1525 δυστυχέστερον
1133 1479 1238 1522 γένος
1561 1510 1567 1518 ,
1729 1504 1814 1512 ......
1828 1481 1946 1511 καίτοι
1965 1477 2102 1525 χείρον’
2131 1477 2298 1524 ἀρσένων
2322 1476 2434 1513 νόσον

544 1536 708 1578 πέφυκεν
732 1533 891 1577 ἀνδρῶν·
915 1533 956 1566 ἔν
978 1546 1014 1566 τε
1037 1536 1128 1565 τοῖσι
1154 1533 1226 1579 γὰρ
1249 1526 1373 1571 καλοῖς
1629 1532 1762 1574 ταύτην
1785 1535 1970 1579 νοσοῦμεν
1994 1536 2060 1576 (sc.
2086 1536 2280 1578 γυναῖκες).

544 1590 667 1634 πολλῷ
692 1590 871 1625 λέλειπται
896 1587 987 1625 κάπὶ
1010 1592 1083 1628 τοῖς
1106 1591 1269 1636 αἰσχροῖς
1294 1591 1420 1627 πλέον.
1763 1589 1889 1636 Suppl.
1914 1602 1948 1626 v.
1976 1588 2074 1626 1102.

677 1646 777 1681 Med.
802 1645 881 1682 408.
1945 1675 2030 1683 ......
2049 1646 2215 1694 ἀρσένων
2238 1646 2281 1682 δὲ
2304 1648 2463 1695 μείζονες

771 1729 855 1739 ......
874 1702 965 1752 πρὸς
989 1703 1031 1738 δὲ
1055 1705 1115 1737 καὶ
1140 1701 1357 1750 πεφύκαμεν
1630 1705 1763 1750 ψυχαὶ,
1788 1706 1953 1750 γλυκεῖαι
1977 1703 2013 1738 δ’
2042 1697 2162 1748 ἧσσον
2184 1706 2233 1742 εἰς
2257 1701 2494 1752 θωπεύματα.

542 1762 721 1814 γυνμῖκες.
745 1762 794 1799 εἰς
816 1761 887 1807 μὲν
911 1760 1015 1794 ἔσθλ’
1044 1758 1333 1808 ἀμηχανώταται,
1765 1761 1885 1796 Orest.
1912 1773 1946 1796 v.
1976 1761 2074 1796 1202.

489 1866 492 1868 Β
542 1819 665 1854 κακῶν
689 1817 731 1853 δὲ
756 1815 903 1854 πάντων
925 1819 1085 1857 τέκτονες
1109 1815 1331 1864 σοφώταται.
1629 1812 1657 1852 ὦ
1681 1816 1743 1857 τὰς
1767 1820 1903 1865 φρένας
1926 1818 1997 1865 μὲν
2020 1815 2174 1864 ι’ἶρσενας
2198 1819 2405 1865 κεκτημένη,

1622 1873 1663 1908 τὸ
1687 1877 1795 1923 σῶμα
1820 1875 1854 1909 δ’
1885 1875 1925 1910 ἐν
1948 1876 2092 1921 γυναιξὶ
2115 1876 2277 1917 θηλείαις
2300 1876 2453 1922 πρέπον·

364 1932 418 1968 Cf.
443 1932 552 1968 Arist.
570 1931 616 1967 de
640 1931 775 1968 Gener.
802 1933 947 1968 animal.
975 1932 1001 1968 l.
1020 1932 1054 1968 2.
1072 1931 1132 1967 διὸ
1157 1932 1217 1966 καὶ
1242 1931 1281 1967 ἐν
1304 1932 1351 1977 τῷ
1379 1928 1450 1976 ὅλῳ
1473 1929 1538 1974 τὴν
1560 1932 1621 1975 τῆς
1643 1933 1710 1977 γῆς
1733 1930 1850 1979 φύσιν
1872 1930 1920 1972 ὡς
1942 1934 2038 1975 θῆλυ
2062 1933 2122 1966 καὶ
2146 1934 2281 1996 μητέρα
2305 1933 2526 1978 νομίζουσιν,
2553 1928 2669 1978 οὖρα-

361 1985 429 2024 νὸν
452 1987 494 2022 δὲ
518 1988 579 2022 καὶ
602 1985 707 2030 ἥλιον
730 1986 752 2031 η’
775 2001 807 2022 τι
831 2001 903 2024 των
932 1985 1053 2024 ι’ἱλλων
1076 2001 1149 2024 των
1170 1985 1344 2023 τοιούτων
1367 1985 1414 2026 ὠς
1437 1989 1640 2033 γεννῶντας
1663 1991 1723 2023 καὶ
1749 1991 1903 2036 πατέρας
1927 1986 2276 2035 προσαγορεύοι-,σιν
2301 2007 2344 2012 ——
2369 1986 2547 2022 11.1.ὸ“ιὸ
2563 1989 2671 2032 γένος

363 2044 420 2079 ἀεὶ
443 2042 654 2090 ἀνθρώπων
675 2046 734 2079 καὶ
760 2042 859 2086 ζώων
882 2045 957 2080 ἐστὶ
980 2047 1041 2079 καὶ
1065 2048 1202 2093 φυτῶν.
1236 2046 1315 2080 ἐπεὶ
1339 2045 1381 2080 δὲ
1404 2043 1543 2080 τούτων
1565 2043 1659 2091 ἀρχὴ
1681 2045 1721 2080 τὸ
1745 2048 1840 2090 θῆλι
1857 2048 1917 2081 καὶ
1934 2047 1972 2080 τὸ
1997 2043 2119 2093 ι’ἔρὁν,
2143 2045 2248 2080 ἕιεκα
2271 2046 2331 2087 τῆς
2353 2048 2527 2090 γενέσεως
2550 2041 2598 2080 ἃν
2613 2047 2669 2088 εἴη

359 2098 400 2135 τό
431 2102 527 2142 θῆλυ
550 2102 611 2135 καὶ
633 2100 673 2135 τό
697 2098 809 2147 ι’ίρὖν
832 2102 872 2136 ἐν
894 2105 968 2140 τοῖς
992 2097 1112 2137 οὖσιν
1132 2104 1315 2145 βελτίονος
1339 2102 1382 2137 δὲ
1404 2104 1465 2136 καὶ
1489 2104 1673 2171 θειοτέρας
1696 2100 1760 2145 τὴν
1784 2100 1901 2148 φύσιν
1925 2101 2032 2144 οἰσης
2054 2104 2114 2144 τῆς
2136 2103 2251 2140 αἰτίας
2280 2103 2341 2144 τῆς
2370 2099 2543 2144 κινούσης
2566 2113 2672 2147 πρω-

360 2171 431 2202 της,
455 2149 480 2205 ᾗ
503 2154 521 2192 ὁ
545 2154 653 2204 λόγος
678 2154 833 2204 ὑπάρχει
856 2160 917 2192 καὶ
939 2158 979 2194 τὸ
1003 2158 1100 2198 εἶδος
1123 2160 1183 2203 τῆς
1206 2156 1300 2203 ἴλης
1324 2161 1467 2203 βέλτιον
1489 2160 1550 2194 καὶ
1581 2158 1620 2193 τὸ
1649 2163 1867 2205 κεχωρίσθαι
1902 2158 1941 2194 τὸ
1970 2171 2130 2205 κρειττον
2160 2159 2223 2193 τοῦ
2248 2162 2437 2205 χείρονος.
2470 2156 2534 2192 διὰ
2562 2158 2671 2193 τοῦτο

361 2212 402 2249 ἓν
426 2211 526 2254 ὅσοις
549 2213 731 2259 ἐνδέχεται
756 2215 817 2248 καὶ
840 2214 925 2248 καθ’
963 2210 1053 2249 ὅσον
1076 2215 1278 2261 ἐνδέχεται,
1308 2224 1521 2270 κεχωρισται
1545 2216 1610 2249 τοῦ
1634 2212 1765 2259 θήλεος
1788 2215 1827 2250 τὸ
1852 2213 1973 2263 ι’ίρὁν.
2005 2217 2191 2258 βέλτιον
2219 2214 2306 2260 γάρ
2329 2215 2405 2249 καὶ
2430 2212 2672 2259 (λειότερον

361 2268 384 2313 ἡ
415 2269 529 2316 ἀρχὴ
559 2272 634 2312 τῆς
664 2268 904 2313 κινήσεως,
937 2266 960 2313 ἢ
991 2268 1131 2318 ι’ίρρεν
1160 2270 1180 2304 ι’
1192 2269 1357 2317 πιίρχει
1387 2275 1482 2310 τοῖς
1513 2274 1789 2319 ιγν.ομένοις
1822 2269 1900 2314 ὕλη
1924 2271 1970 2306 δὲ
1994 2270 2039 2305 τὸ
2066 2273 2190 2314 θῆλύ
2216 2270 2386 2305 -11.3.
2413 2269 2453 2304 τὸ
2477 2268 2550 2316 γὰρ
2573 2272 2672 2313 θῆλυ

362 2326 486 2373 ὥσπερ
510 2324 622 2372 ιἰῥιῖεν
645 2328 719 2361 ἐστὶ
744 2330 1011 2373 πεπηρωιιένον
1033 2340 1089 2372 sq.
1107 2348 1152 2353 —--
1169 2328 1230 2363 lv.
1248 2329 1281 2364 6.
1306 2328 1549 2375 ἀσθενέστερα
1574 2343 1645 2373 γαρ
1669 2330 1743 2362 ἐστι
1768 2331 1828 2361 καὶ
1854 2327 2059 2374 ψυχρότερα
2083 2328 2125 2361 τὰ
2150 2325 2279 2370 θήλεια
2303 2327 2369 2370 τὴν
2391 2325 2509 2373 φύσιν
2531 2329 2593 2361 καὶ
2616 2328 2676 2362 δεῖ

361 2379 639 2431 ὑπολαμβάνειν
669 2379 791 2431 ὥσπερ
823 2381 1032 2427 ιἰναπηρίαν
1061 2382 1150 2420 εἶναι
1182 2397 1247 2427 την
1277 2380 1459 2428 θηλύτητα
1490 2380 1660 2431 φυσικήν.
1696 2403 1741 2410 -
1768 2382 1861 2420 Plat.
1892 2383 2017 2431 Symp.
2044 2396 2080 2431 p.
2109 2383 2182 2420 181.
2215 2380 2305 2420 οθεν
2336 2380 2382 2427 δὴ
2408 2382 2469 2420 ἐπὶ
2496 2381 2536 2420 τὸ
2560 2379 2672 2431 αῤῥεν

360 2442 571 2489 τρέπονται,
601 2439 642 2475 τὸ
666 2438 776 2488 φύσει
807 2440 1119 2489 ἐρρωμενέστερον
1148 2442 1209 2474 καὶ
1240 2442 1332 2476 νοῦν
1353 2442 1498 2489 μᾶλλον
1521 2441 1607 2488 ἔχον
1630 2440 1852 2488 ἀγαπῶντες.
1878 2440 1929 2476 ld.
1954 2440 1980 2476 1.
2008 2452 2041 2476 c.
2065 2451 2101 2489 p.
2132 2440 2208 2475 190.
2233 2435 2278 2484 ἦν
2302 2440 2344 2475 δὲ
2370 2439 2432 2474 διὰ
2456 2441 2568 2475 ταῦτα
2591 2443 2672 2490 τρία

360 2498 404 2532 τὰ
429 2500 516 2543 γένη
540 2500 600 2531 καὶ
623 2499 790 2540 τοιαῦτα,
821 2495 874 2531 ὅτι,
905 2497 944 2531 τὸ
967 2498 1038 2543 μὲν
1066 2494 1178 2544 (ἵρῥεν
1207 2493 1253 2540 ἦν
1275 2499 1340 2531 τοῦ
1365 2495 1469 2540 ἡλίου
1493 2497 1557 2540 τὴν
1580 2495 1698 2544 ἀρχὴν
1721 2499 1894 2543 ἔκγονον,
1925 2498 1966 2532 τὸ
1990 2498 2031 2532 δὲ
2057 2500 2152 2540 θῆλυ
2175 2499 2235 2540 τῆς
2258 2500 2337 2542 γῆς.
2362 2518 2408 2523 —-
2430 2499 2539 2532 Arist.
2562 2497 2669 2532 Poet.

361 2567 394 2590 c.
423 2556 476 2591 15.
501 2556 563 2589 καὶ
586 2551 658 2601 γὰρ
682 2551 774 2600 γυνή
800 2554 873 2588 ἐστι
892 2552 1030 2600 χρηστὴ
1054 2556 1115 2603 καὶ
1139 2554 1284 2593 δοῦλος.
1308 2557 1424 2589 καίτοι,
1448 2567 1489 2600 γε
1506 2557 1592 2594 ἴσως
1614 2550 1751 2590 τούτων
1774 2553 1814 2589 τὸ
1830 2555 1904 2603 μὲν
1923 2558 2063 2601 χεῖρον,
2086 2552 2127 2589 τὸ
2152 2552 2194 2589 δὲ
2219 2550 2310 2593 ὅλως
2333 2551 2480 2601 φαυλόν
2503 2554 2609 2590 ἐστιν.
2626 2573 2672 2580 -

360 2610 492 2646 Valck.
526 2611 550 2646 1.
584 2624 616 2647 c.
648 2622 684 2657 p.
718 2610 774 2646 29.
806 2610 841 2645 b.
877 2610 1108 2653 ..Ariostoteli
1142 2612 1225 2657 περὶ
1254 2608 1369 2646 Ζώων
1399 2613 1573 2656 γενέσεως
1597 2610 1657 2646 lv.
1688 2623 1725 2658 p.
1759 2611 1839 2647 269.
1871 2612 1923 2647 14.
1949 2612 2119 2646 statuisse
2151 2610 2315 2646 dicuntur
2338 2608 2580 2657 Ἀναξαγόρας
2607 2611 2669 2644 καὶ

359 2667 453 2702 ἔνιοι
475 2669 549 2702 τῶν
573 2664 828 2713 φυσιολόγων,
860 2671 1030 2711 γίνεσθαι
1053 2668 1093 2702 ἐκ
1115 2668 1179 2701 τοῦ
1203 2663 1354 2714 ι’ἰρρενος
1376 2665 1416 2701 τὸ
1440 2668 1604 2713 σπέρμα,
1635 2665 1675 2701 τὸ
1708 2667 1752 2702 δὲ
1782 2669 1878 2710 θῆλυ
1912 2670 2085 2714 παρέχειν
2107 2666 2172 2703 τὸν
2198 2664 2325 2702 τόπον.
2374 2666 2475 2701 Haec
2500 2673 2670 2701 constans

360 2724 554 2771 Euripidae
579 2735 723 2770 quoque
748 2723 813 2758 suit
841 2725 1036 2766 sententia,
1069 2724 1146 2769 qui,
1171 2723 1254 2757 dum
1277 2729 1414 2771 patrem
1438 2724 1598 2771 appellat
1620 2722 1684 2758 τὸν
1708 2721 1891 2770 φύσαντα·
1918 2724 1982 2759 τὸν
2006 2721 2247 2772 φυτεύσαντα·
2271 2722 2334 2758 τὸν
2357 2724 2581 2770 φυτοῦργον·
2606 2721 2670 2757 τὸν

362 2780 533 2827 ἀροτῆρα·
563 2778 627 2816 τὸν
657 2781 721 2816 τοῦ
753 2782 882 2826 γένους
911 2779 1122 2827 ἀρχηγέτην·
1155 2780 1238 2816 huic
1266 2787 1303 2816 ut
1332 2780 1477 2826 originis
1509 2781 1648 2817 auctori
1679 2782 1802 2817 omnia
1832 2781 1970 2817 liberos
1995 2781 2130 2817 debere
2154 2780 2291 2823 statuit,
2322 2779 2424 2815 matri
2454 2780 2497 2827 τῇ
2529 2778 2670 2827 τροφὰς

362 2835 553 2885 ὑποστάσῃ
577 2837 664 2872 nihil
696 2837 790 2871 adeo
814 2836 960 2884 praeter
990 2839 1222 2881 nutrimenta,
1254 2848 1358 2883 quam
1383 2839 1494 2872 instar
1519 2837 1616 2872 humi
1647 2848 1772 2873 semen
1805 2840 2012 2886 recipientis
2045 2837 2315 2872 considerabat:
2345 2836 2425 2882 ejus
2448 2834 2595 2871 Orestes
2631 2836 2668 2870 in

667 2892 795 2930 Oreste
820 2907 856 2930 v.
879 2895 961 2931 551.
1630 2893 1718 2931 ι’ένευ
1742 2895 1785 2931 δὲ
1810 2893 1945 2942 πατρὸς
1968 2899 2094 2931 τέκνον
2118 2894 2184 2930 οὐκ
2207 2896 2260 2937 εἴη
2285 2893 2363 2928 ποτ’
2392 2890 2449 2928 ι’ἔν.

531 2948 648 2997 πατὴρ
671 2949 743 2998 μὲν
765 2946 964 2997 ἐφύτευσέν
985 2963 1048 2999 με,
1074 2949 1120 2995 σὴ
1143 2949 1175 2986 ‹5’
1205 2950 1316 2987 ἔτικτε
1340 2954 1436 2992 παῖς,
1632 2947 1858 3000 ἐλογισάμην
1881 2945 1949 2988 οὖν
1971 2953 2019 2998 τῷ
2043 2954 2171 2998 γένους
2193 2948 2369 2996 ἀρχηγέτῃ

530 3006 571 3043 τὸ
596 3006 731 3056 σπέρμ’
760 3005 900 3056 ἄρουρα
925 3007 1179 3056 παραλαβοῦσ’
1208 3006 1321 3043 ι’ίλλου
1344 3005 1456 3057 πάρα.
1630 3009 1778 3059 μᾶλλον
1799 3007 1842 3057 μ’
1870 3007 2012 3057 ἀμῦναι
2034 3009 2094 3052 τῆς
2117 3004 2322 3049 ὑποστάσης
2344 3004 2496 3053 τροφάς.

361 3063 401 3099 In
425 3063 554 3109 fragm.
580 3066 706 3099 incerti
731 3065 900 3099 dramatis
923 3064 1044 3112 Eurip.
1064 3077 1120 3112 ap.
1145 3066 1341 3101 Stobaeum
1363 3077 1397 3111 p.
1421 3065 1502 3100 455.
1526 3065 1584 3101 22.
1611 3065 1709 3101 finus
1734 3066 1781 3101 ad
1805 3073 1955 3100 matrem
1980 3066 2032 3100 sic
2056 3065 2220 3109 loquitur,
2244 3068 2281 3096 ut
2304 3062 2417 3096 multo
2440 3074 2482 3097 se
2504 3063 2585 3109 plus
2609 3074 2670 3109 pa·

361 3121 404 3154 tri
428 3120 564 3155 debere
588 3121 785 3166 significet:
1494 3133 1498 3137 '

521 3178 661 3223 στέργω
686 3177 729 3213 δὲ
751 3176 816 3214 τὸν
839 3174 1008 3223 φύσαντα
1032 3179 1104 3215 τῶν
1129 3176 1278 3215 πάντων
1300 3178 1441 3225 βροτῶν
1478 3172 1524 3212 δῑζ»
1653 3181 1777 3214 κείνου
1801 3177 1872 3226 γὰρ
1897 3178 2119 3222 ἐξέβλαστον·
2145 3174 2223 3211 οὐδ’
2253 3172 2301 3212 ὃν
2323 3168 2372 3215 εἷς
2396 3173 2492 3224 ἀνὴρ

519 3231 693 3283 μάλισθ’,
719 3231 824 3282 ὁρίζω
849 3235 974 3278 τοῦτο,
999 3235 1061 3269 καὶ
1085 3233 1131 3269 σὺ
1154 3233 1206 3283 μὴ
1231 3232 1380 3282 φθόνει.
1506 3238 1512 3242 ”
1653 3233 1826 3283 γυναικὸς
1849 3233 2061 3280 αι’·δήσειεν,
2085 3232 2175 3268 ἀλλὰ
2200 3234 2266 3269 τοῦ
2292 3229 2468 3280 πατρός.“

360 3290 528 3326 Attamen
552 3303 625 3326 non
655 3292 705 3326 ita
721 3291 899 3337 judicavit
921 3290 1118 3337 Physicus‚
1152 3297 1190 3327 ut
1212 3291 1354 3328 seminis
1379 3292 1517 3328 diceret
1547 3292 1648 3328 nulla
1669 3293 1810 3328 ratione
1834 3293 1944 3328 licere
1967 3292 2109 3326 laudem
2135 3290 2285 3338 adipisci
2311 3291 2460 3326 divinae
2482 3297 2669 3339 praestan-

359 3345 448 3388 tia‘e3
479 3347 563 3391 quin
586 3349 703 3383 immo
735 3348 948 3395 saepissime
982 3349 1151 3385 mulieres
1175 3357 1356 3396 tamquam
1379 3351 1521 3386 virilem
1551 3357 1677 3386 nactas
1699 3356 1862 3386 naturam
1887 3361 1931 3384 ac
1954 3354 2110 3383 mentem
2138 3347 2444 3395 philosophantes
2470 3349 2507 3384 in
2531 3359 2679 3384 scenam

359 3401 517 3450 induxit,
541 3405 641 3444 velut
661 3404 898 3455 Melanippen
922 3406 1151 3454 sapientem,
1165 3406 1390 3453 Phaedram,
1412 3406 1604 3454 Medeam,
1628 3406 1866 3456 Iphigeniam,
1889 3404 2169 3442 Andromachen
2193 3406 2298 3446 alias.
2375 3464 2400 3501 5
