3117 3854
1354 172 1470 218 κν»
1532 161 1601 212 10
1665 171 1778 217 «ἐκ

339 284 548 350 αὐτοφυῆ
576 294 766 331 mentem
784 300 954 343 puram,
982 293 1223 340 aeternam,
1258 293 1392 344 atque
1420 288 1537 330 adeo
1566 288 1790 341 infinitam,
1819 286 2070 345 nulliusque
2099 288 2165 331 rei
2193 288 2406 347 indigam:
2435 302 2526 333 non
2554 289 2643 344 ille,
2673 306 2789 349 quae

341 368 533 412 aliorum
559 366 642 410 fuit
668 366 833 422 opinio,
860 366 1007 409 Deum
1035 374 1230 409 mentem
1260 380 1366 409 esse
1397 368 1585 419 censuit,
1617 381 1745 425 quae,
1775 368 1986 411 materiae
2014 367 2138 410 velut
2165 366 2315 411 infusa
2343 382 2400 412 ac
2428 384 2530 413 cum
2558 370 2637 413 illa
2663 378 2789 415 arcte

344 448 602 506 conjuncta,
639 445 760 489 hanc
787 445 951 490 molem
978 447 1121 489 instar
1155 447 1340 502 spiritus
1370 448 1581 504 agitaret,
1622 449 1704 490 sed
1742 461 1898 503 puram
1926 454 1969 490 et
1998 462 2026 490 a
2053 447 2238 490 materia
2270 447 2405 504 longe
2441 457 2677 502 semotam3
2717 450 2790 494 cui

342 526 557 570 materiae
586 532 748 569 natura
777 540 862 570 sua
891 526 1138 584 quiescenti
1168 533 1212 570 et
1249 525 1468 570 confusae
1496 541 1625 571 mens
1654 527 1740 570 ista
1773 528 1923 571 divina
1961 535 2126 570 motum
2160 527 2367 570 indiderit
2404 534 2537 585 atque
2572 537 2788 584 ornatum,

347 607 545 650 creatrix
584 606 699 650 coeli
739 612 784 649 et
816 613 976 649 terrae.
1036 603 1228 649 Coelum
1257 614 1424 659 autem,
1464 607 1560 649 sive
1589 606 1798 660 Aethera,
1830 615 1873 650 et
1901 606 2095 658 Terram,
2123 607 2246 650 velut
2276 608 2363 650 duo
2393 606 2613 651 elementa
2641 610 2789 652 consi-

346 685 532 737 deravit,
562 699 621 728 ex
647 685 809 742 quibus
839 684 988 727 omnia
1013 685 1060 728 in
1088 685 1178 729 hoc
1207 687 1421 730 universo
1441 693 1749 738 nascerentur,
1780 694 1824 730 et
1853 687 1898 727 in
1926 699 2040 743 quae
2070 686 2230 738 omnia,
2261 700 2361 728 cum
2387 687 2641 730 viderentur
2669 688 2784 730 mori

342 765 390 806 in
419 778 548 807 suum
578 764 785 821 quodque
814 763 1166 808 resolverentur.
1222 764 1326 815 Sed,
1357 772 1405 807 ut
1434 765 1678 807 carminum
1708 765 1882 808 Poeta
1913 764 2167 809 consuleret
2196 765 2417 818 suavitati,
2446 772 2579 822 atque
2608 766 2786 823 ingenio

341 842 677 898 elegantissimo
708 857 877 885 morem
906 852 1096 899 gereret,
1125 845 1261 887 veluti
1292 845 1617 900 quodammodo
1649 841 1940 903 συνάρχοντας
1968 846 2028 902 τῷ
2056 840 2246 901 μεγίστῳ
2277 842 2478 899 δαίμονι,
2511 846 2787 900 omniparen-

342 928 415 964 tes
443 921 641 965 Aethera
680 929 723 964 et
748 921 934 965 Terram
974 921 1286 980 εἷὸοποιήσας,
1326 923 1547 965 connubio
1579 923 1747 978 junxit3
1784 936 1980 979 suasque
2014 922 2088 964 hic
2126 929 2260 978 poeta
2289 919 2496 981 ἐρωτικός
2529 923 2684 966 Amori
2714 923 2789 982 qui

343 1002 574 1045 dicebatur
601 1009 755 1058 partes
786 1003 1148 1059 elegantissimas
1177 1003 1445 1058 assignavit:
1478 1017 1534 1045 cx
1563 1002 1650 1044 hoc
1671 1002 1878 1059 conjugio
1910 1002 2058 1044 onmia
2085 1002 2272 1057 primum
2301 1009 2434 1045 enata
2454 1003 2627 1056 cecinit,
2655 1011 2789 1060 atque

342 1081 475 1124 etiam
518 1095 640 1124 nunc
688 1097 770 1137 per
817 1082 903 1126 hos
940 1083 1174 1139 conjuges,
1223 1083 1374 1125 vernis
1413 1082 1677 1138 praesertim
1714 1082 1987 1138 temporibus
2025 1082 2071 1123 in
2110 1089 2284 1124 mutuos
2323 1089 2504 1125 ruentes
2541 1082 2787 1139 amplexus,

340 1159 387 1201 in
427 1160 585 1202 ordine
623 1161 817 1218 quidque
857 1175 938 1203 suo
975 1168 1227 1217 vegetatum
1266 1161 1481 1203 custodiri
1520 1161 1867 1217 conservarique
1913 1165 1956 1212 ¹).
2027 1159 2254 1202 Hactenus
2284 1159 2625 1204 Valckenarius.
2690 1162 2789 1204 Nec

343 1238 670 1283 Schneitherus
718 1248 928 1292 mentem,
982 1241 1157 1296 opinor,
1216 1241 1446 1296 perspexit
1491 1238 1794 1296 Euripideam,
1849 1255 1948 1282 cum
1992 1239 2159 1296 pagina
2205 1239 2548 1296 quadragesima
2599 1241 2789 1296 septima

344 1317 675 1360 dissertationis
705 1334 813 1361 suae
851 1319 965 1361 haec
1003 1320 1329 1374 pronuntiaret:
1368 1320 1508 1371 „Sed,
1555 1321 1617 1361 uti
1655 1320 1955 1375 Anaxagoras
1993 1332 2084 1360 non
2123 1332 2300 1374 semper
2334 1319 2416 1360 rite
2448 1319 2646 1360 distinxit
2673 1319 2788 1362 inter

342 1399 447 1440 νοῦν
478 1404 522 1439 et
550 1395 714 1456 ψυχή-νε
744 1399 811 1440 sic
839 1398 1078 1455 Euripides
1108 1412 1422 1455 nonnunquam
1452 1398 1734 1455 aliquatenus
1765 1398 2023 1441 confudisse
2052 1398 2226 1440 videtur
2245 1398 2442 1440 Aethera
2471 1405 2514 1439 et
2542 1398 2697 1450 Deum,
2726 1398 2788 1440 ita

343 1482 391 1519 ut
418 1476 658 1520 Aetherem
687 1492 1007 1535 nonnunquam
1036 1479 1179 1522 Deum
1208 1486 1404 1522 vocaret.
1463 1479 1610 1520 Fluxit
1637 1479 1746 1521 illud
1775 1478 1967 1521 fortasse
1997 1492 2055 1520 ex
2086 1492 2140 1520 eo
2170 1477 2304 1531 sonte,
2335 1479 2455 1535 quod
2484 1479 2788 1521 introduxerat

340 1555 388 1597 in
406 1554 710 1614 Anaxagorae
740 1557 1074 1615 philosophiam
1102 1557 1213 1600 illud
1243 1559 1299 1601 de
1330 1559 1552 1601 connubio
1577 1558 1743 1601 Terrae
1775 1566 1817 1600 et
1842 1559 2052 1601 Aetheris
2082 1558 2306 1613 placitum,
2337 1559 2457 1615 quod
2485 1549 2614 1613 poe'si
2643 1559 2786 1615 magis

341 1642 468 1678 esset
494 1642 659 1690 aptum,
691 1649 825 1692 quam
853 1638 974 1680 nuda
1002 1637 1081 1679 illa
1110 1637 1427 1693 philosophica
1453 1638 1703 1693 propositio
1736 1638 1790 1680 de
1820 1645 1966 1679 mente
1994 1638 2143 1680 divina
2173 1638 2319 1679 onmia
2345 1638 2590 1689 ordinante,
2621 1638 2786 1694 quippe

343 1727 461 1771 quae
491 1715 636 1771 magis
666 1715 891 1772 ingenium
921 1723 964 1759 et
992 1723 1184 1760 mentem
1213 1715 1429 1768 afficeret,
1461 1731 1593 1773 quam
1621 1716 1902 1773 phantasiam
1933 1724 1976 1759 et
1998 1730 2192 1759 sensum.
2234 1716 2326 1758 Sed
2356 1730 2456 1758 cum
2484 1716 2598 1759 haec
2626 1730 2787 1773 propo·

341 1793 445 1836 sitio
475 1793 617 1837 semel
646 1802 839 1838 mentem
868 1803 1157 1852 occupasset,
1189 1795 1252 1838 ita
1283 1796 1323 1839 ei
1353 1795 1607 1840 inhaesisse
1638 1796 1830 1847 videtur,
1861 1802 1908 1838 ut
1939 1795 2075 1851 plane
2106 1809 2157 1838 se
2186 1795 2356 1840 Aether
2385 1802 2430 1838 et
2458 1795 2582 1839 Deus
2612 1795 2657 1837 in
2688 1796 2786 1853 ejus

340 1873 490 1917 animo
522 1873 846 1919 confunderent
877 1882 919 1919 et
949 1882 996 1919 ut
1025 1876 1101 1928 ita,
1130 1876 1306 1919 inscius
1338 1884 1381 1919 et
1410 1876 1681 1932 imprudens,
1712 1875 2048 1919 cavillatoribus
2073 1889 2231 1918 ansam
2261 1875 2389 1918 daret
2417 1889 2518 1918 eum
2546 1874 2785 1932 reprehen-

343 1954 492 2007 dendi,
523 1955 652 2012 quasi
671 1955 974 2013 Anaxagorae
1007 1955 1290 2012 disciplinam
1321 1971 1410 1999 non
1445 1956 1741 1999 intellexisset
1771 1963 1815 1998 et
1850 1955 1994 1999 Deum
2029 1955 2259 1998 statuisset
2295 1959 2601 2011 corporeum.“
2665 1955 2787 2004 Quo·
2829 2005 2831 2007 ¹

342 2048 441 2077 rum
469 2042 628 2078 neuter
646 2049 757 2079 vera
782 2036 903 2078 dixit.
943 2036 1180 2093 Nunquam
1208 2037 1347 2088 enim,
1379 2045 1590 2093 quantum
1621 2036 1826 2092 equidem
1852 2034 2191 2092 diligentissima
2221 2047 2328 2077 cura
2353 2034 2477 2089 potui
2502 2035 2786 2089 perscrutari,

344 2114 497 2157 docuit
525 2114 783 2171 Euripides,
820 2129 849 2158 a
877 2115 1029 2159 Mente
1059 2123 1212 2159 creata
1242 2130 1346 2159 esse
1379 2115 1557 2159 coelum
1587 2122 1631 2158 et
1660 2123 1844 2167 terram:
1882 2127 2106 2171 nunquam
2136 2113 2307 2166 docuit,
2347 2112 2545 2156 Mentem
2572 2113 2786 2157 materiae

341 2199 510 2235 motum
537 2194 756 2236 indidisse
786 2202 919 2251 atque
949 2203 1153 2238 ornatum
1163 2210 1174 2247 3
1205 2209 1431 2252 nunquam
1463 2195 1626 2245 docuit,
1656 2193 1853 2236 Mentem
1880 2193 2093 2236 materiae
2121 2206 2211 2235 non
2240 2190 2434 2235 infusam
2463 2206 2548 2234 nec
2579 2207 2679 2235 cum
2707 2193 2787 2235 illa

342 2274 630 2330 conjunctam
649 2288 753 2317 esse
773 2288 859 2317 nec
878 2276 1118 2331 perspicio,
1149 2289 1238 2331 qua
1256 2275 1427 2317 ratione
1448 2273 1678 2317 refellatur
1698 2274 1861 2329 opinio,
1889 2272 2089 2329 Euripidi
2110 2279 2153 2315 et
2173 2272 2369 2315 Poetae
2391 2278 2434 2314 et
2453 2271 2786 2328 Philosopho

340 2351 523 2395 unicum
540 2352 740 2396 Aethera
768 2352 909 2396 fuisse
939 2368 1050 2407 eum,
1081 2354 1155 2412 qui
1184 2354 1241 2396 ab
1271 2353 1521 2396 hominibus
1551 2353 1851 2410 appellaretur
1879 2351 2004 2395 Deus
2034 2351 2252 2394 maximus
2281 2350 2355 2394 vel
2383 2350 2600 2408 Juppiter.
2645 2350 2788 2394 Terra

342 2431 462 2473 enim
490 2431 745 2489 Aetherque
777 2432 996 2475 elementa
1026 2433 1113 2475 duo
1146 2440 1249 2475 sunt
1279 2447 1336 2475 ex
1355 2432 1580 2488 Euripidis
1612 2432 1832 2475 sententia
1860 2438 2045 2474 naturae
2077 2430 2430 2481 diversissimae3
2462 2430 2550 2472 ista
2579 2430 2704 2472 sicca
2732 2443 2789 2472 ac

341 2509 511 2553 sterilis
540 2518 718 2561 natura,
757 2526 841 2566 per
871 2525 922 2554 se
950 2512 1213 2563 inanimata,
1252 2525 1280 2554 a
1308 2520 1455 2554 mente
1486 2513 1689 2568 sejuncta
1727 2511 1990 2567 orbataque:
2030 2509 2200 2552 aetheri
2237 2508 2336 2552 solo
2366 2509 2436 2551 vis
2477 2509 2594 2551 inest
2623 2508 2786 2562 vitalis,

341 2589 572 2647 cogitandi
602 2597 645 2634 et
674 2589 950 2648 intelligendi
978 2589 1191 2643 facultas:
1223 2591 1376 2635 aether
1406 2598 1475 2635 est
1504 2606 1585 2648 per
1614 2606 1665 2635 se
1695 2591 1929 2643 animatus,
1959 2595 2028 2633 est
2056 2602 2183 2632 mens
2213 2588 2376 2642 divina,
2406 2595 2476 2631 est
2503 2587 2641 2631 Deus.

476 2670 549 2714 Ab
579 2670 668 2714 hac
696 2678 843 2715 autem
871 2685 934 2725 re,
963 2672 1009 2714 in
1040 2686 1139 2729 qua,
1171 2671 1290 2729 quod
1318 2672 1432 2716 inter
1450 2671 1706 2728 Euripidem
1726 2677 1770 2714 et
1788 2669 2105 2727 Anaxagoram
2123 2669 2356 2713 intercedit
2386 2668 2637 2721 discrimen,
2666 2668 2787 2724 posi·

341 2757 434 2793 tum
464 2765 568 2794 esse
599 2751 835 2802 eredimus,
865 2752 906 2795 si
936 2751 1218 2804 discesseris,
1248 2759 1479 2809 utrumque
1510 2751 1666 2795 eadem
1686 2749 1820 2807 plane
1839 2749 1915 2794 via
1942 2763 1998 2793 ac
2016 2748 2187 2793 ratione
2206 2747 2417 2806 progredi
2444 2746 2577 2792 facile
2603 2748 2786 2792 senties.

340 2828 420 2873 Uti
449 2830 566 2873 enim
594 2829 892 2888 Anaxagoras
920 2831 1108 2886 primum
1136 2845 1286 2875 rerum
1315 2831 1578 2888 principium
1610 2827 1944 2890 (ὁμοιομέρειαν
1983 2832 2044 2883 2),
2081 2829 2128 2872 in
2157 2842 2244 2886 quo
2274 2828 2442 2881 omnia,
2478 2840 2592 2885 quae
2622 2833 2787 2880 extant,

341 2909 581 2967 conjuncta
610 2917 739 2954 erant
769 2917 813 2954 et
843 2911 1095 2965 commixta,
1125 2912 1304 2955 aliunde
1335 2912 1546 2968 agitatum
1577 2910 1767 2954 divortio
1799 2910 1908 2952 dixit
1936 2908 1981 2950 in
2012 2909 2122 2951 duas
2150 2914 2302 2965 partes
2334 2907 2565 2951 diremtum
2594 2920 2711 2959 esse,
2740 2907 2786 2948 in

419 3047 449 3092 ²)
481 3045 612 3083 Valck.
638 3047 662 3082 l.
689 3059 720 3083 c.
745 3059 782 3095 p.
806 3047 852 3084 36
876 3053 914 3083 et
936 3048 994 3084 37.

418 3115 449 3158 ²)
480 3114 628 3150 Lucret.
655 3115 740 3150 Rer.
765 3116 851 3151 Nat.
877 3116 904 3151 1.
930 3127 966 3151 v.
990 3116 1071 3151 830.

543 3171 653 3208 Nunc
677 3178 714 3207 et
738 3174 986 3219 Anaxagorae
1008 3179 1210 3209 scrutemur
1233 3171 1508 3221 ὁμοιομέρειαν,
1661 3171 1738 3207 Sed
1760 3176 1880 3206 tamen
1904 3170 2018 3217 ipsam
2042 3180 2119 3205 rem
2144 3169 2251 3205 facile
2276 3174 2331 3204 est
2355 3178 2546 3216 exponere
2569 3165 2703 3210 verbis,

544 3227 665 3266 Quam
689 3228 792 3274 Graji
815 3235 1038 3271 memorant,
1063 3241 1131 3264 nec
1155 3237 1282 3265 nostra
1306 3230 1427 3266 dicere
1452 3230 1576 3276 lingua
1660 3228 1883 3274 Principium
1906 3238 2042 3271 rerum,
2067 3237 2175 3272 quam
2200 3226 2292 3261 dixit
2316 3223 2586 3273 ὁμοιομέρειαν.

546 3283 725 3321 Concedit
747 3284 852 3323 nobis
875 3286 983 3334 patrii
1007 3286 1186 3322 sermonis
1212 3292 1372 3334 egestas:

475 3343 599 3377 Anax.
624 3341 670 3377 fr.
695 3341 724 3378 Ι.
745 3340 863 3390 Ὁμοῦ
895 3341 1016 3380 πάντα
1043 3340 1214 3393 χρήματα
1246 3338 1309 3388 ἦν,
1341 3342 1475 3394 ἄπειρα
1507 3344 1568 3380 καὶ
1600 3345 1743 3387 πλῆθος
1769 3342 1830 3379 καὶ
1860 3340 2091 3390 σμικρότητα.
2120 3361 2167 3369 -
2196 3342 2305 3377 Arist.
2338 3340 2443 3388 phys.
2474 3350 2572 3376 ausc.
2599 3336 2659 3374 ΙΙΙ.
2684 3336 2719 3374 4.
2743 3354 2790 3367 -ι

475 3398 529 3436 ld.
555 3398 602 3435 de
627 3398 731 3437 Coel.
758 3399 817 3437 lll.
842 3400 877 3438 2.
903 3422 949 3429 —-
